2984 4982
239 393 289 456 DE
302 415 415 456 TRIBUS
428 413 778 457 PSBUDAORONIANORUM
790 413 897 457 SCHOL.
909 415 1036 458 Russus.
1109 392 1150 456 15

113 587 145 647 et
162 581 421 668 „ministerialis“
439 603 502 648 non
518 585 662 648 antehoc
675 585 845 667 tcmpusin
860 585 974 649 litteris
988 589 1148 668 apparent,

117 716 190 761 curn
207 697 361 779 quomodo
376 699 480 762 medio
489 715 564 763 aevo
574 699 743 781 posteriore
752 701 838 763 stent
846 701 878 762 et
886 698 1023 782 vigeant,
1032 699 1147 764 videas.

200 811 260 876 Sed
272 812 332 892 hic,
349 815 385 875 ut
398 813 515 895 opinor,
532 812 689 896 imprimis
701 831 759 877 vor
771 811 1067 896 ‚‚oommassare“
1079 832 1149 896 pro-

111 925 241 990 ferenda
263 925 396 990 videtur.
427 926 495 990 Hoc
518 925 602 988 enirn
627 926 722 989 schol.
734 943 836 1004 carm.
854 926 870 989 Ι
886 925 937 1006 35,
955 924 996 988 39
1011 925 1044 990 in
1060 927 1147 991 codd.

112 1037 171 1119 Αγ
186 1041 315 1122 apparet
330 1037 436 1120 ibique
448 1037 623 1122 significat:
643 1039 694 1122 ,in
706 1058 804 1102 unum
821 1057 967 1105 aceruum
983 1058 1149 1122 coagmen-

113 1149 211 1216 tare“.
243 1151 311 1216 Hoc
330 1150 518 1216 uocabulum
539 1151 659 1235 primus
680 1151 876 1217 Venerabilis
897 1153 993 1234 Beda,
1019 1153 1150 1236 scriptor

113 1265 194 1329 saob.
212 1267 290 1348 sept.
307 1266 417 1345 octav,
433 1265 551 1348 profert
568 1265 742 1347 [rarissime
760 1263 879 1349 „com.“
898 1267 1032 1330 occurrit
1047 1267 1080 1329 in
1096 1286 1149 1349 po·

113 1378 281 1442 steriomm
297 1379 494 1442 saeculorum
517 1379 642 1461 scriptis
667 1378 822 1461 (Pauoker
837 1378 943 1462 Suppl.
960 1379 1063 1444 Lexic.
1079 1380 1148 1443 Lat.

115 1490 208 1556 1883.
226 1492 302 1556 suso.
319 1492 336 1555 I
350 1512 379 1574 p.
397 1490 486 1575 95)];
503 1494 536 1555 at
551 1492 609 1556 hoo
624 1511 724 1556 uncum
738 1475 870 1556 verbum
884 1491 963 1556 nihil
979 1493 1063 1557 valet
1078 1511 1150 1556 con-

113 1608 163 1669 tra
179 1624 284 1669 meam
299 1605 506 1680 sententiam
530 1622 605 1668 nam
624 1623 725 1686 neque
740 1605 774 1668 in
789 1625 848 1670 usu
862 1606 1033 1670 cottidiano
1050 1624 1149 1686 neque

112 1718 198 1783 rotis
214 1737 315 1800 neque
330 1717 559 1782 Ecclesiastiois
575 1717 668 1782 huius
680 1716 825 1814 vocabuli
840 1718 964 1801 saepius
980 1718 1151 1800 usurpandi

114 1832 237 1896 occasio
249 1832 318 1896 fuit.
336 1833 499 1897 Postremo
512 1831 633 1894 nullam
644 1830 740 1896 habet
756 1832 976 1896 auctoritatem
992 1851 1050 1897 vox
1065 1831 1150 1916 „dc-

114 1921 287 2012 ebriare“
304 1943 411 2028 (gloss.
429 1963 524 2008 carm.
540 1944 589 2007 lIl
607 1943 655 2026 19,
675 1943 714 2006 18
730 1943 833 2029 Ανγ),
853 1963 931 2026 quae
944 1947 1017 2009 ante
1032 1945 1151 2009 Bedam

114 2062 147 2123 et
162 2059 371 2123 Hinomarum
387 2074 553 2139 nusquam,
576 2057 631 2122 sed
651 2059 734 2140 apud
750 2059 946 2122 saeculorum
962 2061 1061 2124 octav.
1078 2077 1149 2123 non.

114 2172 282 2255 scriptores
298 2171 481 2254 saepissime
498 2171 633 2234 occurrit
656 2168 732 2253 (aa.
749 2171 957 2235 Hinomarum
972 2171 1006 2235 in
1020 2171 1150 2236 Ferculo

114 2284 290 2350 Salomonis
306 2284 451 2367 Epitapb.
468 2282 622 2348 Venerab.
640 2283 761 2359 Bedae;
779 2283 966 2349 Gerbertum
981 2283 1080 2367 Epist.
1098 2284 1149 2348 31.

115 2397 255 2462 Alanum
275 2397 455 2461 Antiolaud.
480 2396 525 2461 IV
541 2395 591 2460 60.
616 2397 699 2461 Petr.
716 2397 892 2462 Diaconum
912 2396 981 2461 libr.
998 2397 1057 2474 IV;
1081 2398 1152 2461 Bal·

115 2513 238 2575 dricum
253 2509 365 2575 Obron.
384 2509 541 2574 Gamerae.
565 2509 598 2573 H
619 2508 670 2574 39.
702 2505 843 2574 Roderic.
865 2511 1005 2574 Toletan.
1022 2509 1152 2574 Arabic-

114 2625 191 2709 pisc.
215 2625 248 2688 in
272 2623 384 2688 Chron.
401 2623 594 2689 Windesem.
611 2622 710 2688 1128.
728 2623 793 2708 55).
825 2625 893 2688 Hoc
914 2623 998 2688 enim
1021 2622 1151 2688 uerbum

115 2737 235 2802 nonin
258 2737 375 2802 scholio
399 2737 534 2818 quodam
556 2739 666 2818 exstat,
691 2738 745 2802 sed
769 2740 817 2802 est
839 2739 943 2820 glossa
967 2737 1034 2800 sine
1058 2735 1151 2801 dubio

116 2869 135 2914 a
157 2850 310 2915 monacho
334 2850 468 2931 quodam
491 2850 575 2914 inter
598 2869 705 2916 versus
731 2851 889 2933 adscripta
918 2849 982 2933 (Du
999 2848 1104 2933 Gange
1119 2849 1152 2912 ll

116 2963 190 3028 469.
208 2963 280 3028 750.
299 2963 385 3048 751).

206 3076 236 3156 c)
259 3076 380 3156 Restat,
398 3078 434 3140 ut
450 3076 489 3140 ad
505 3075 660 3157 caterba,
687 3095 765 3159 quae
782 3077 814 3140 in
830 3077 944 3160 glossis
960 3077 1086 3140 tantum
1102 3076 1151 3140 vel

117 3191 152 3254 in
164 3189 261 3254 medii
273 3190 341 3254 aeui
353 3189 477 3272 scriptis
490 3191 650 3272 apparent,
665 3190 836 3272 aggrediar.
855 3188 1050 3276 Glossatores
1067 3189 1151 3253 enirn

117 3305 294 3367 memorant
309 3321 435 3368 vocem:
460 3301 748 3387 „inoantatrix“
770 3303 880 3384 [schol.
898 3320 992 3366 carm.
1010 3301 1091 3382 127,
1110 3300 1155 3364 21,

118 3415 203 3496 Αφγ
220 3415 475 3500 (1111111111ίεγ)]
492 3417 570 3480 item
582 3417 758 3499 glossarum
769 3416 886 3500 Papiae
902 3417 1060 3480 auctores:
1080 3413 1151 3500 ,In-

117 3529 274 3594 cantatrix
300 3547 394 3612 maga
419 3525 525 3612 saga“.
568 3528 629 3594 Sed
655 3529 713 3594 hoc
735 3529 860 3618 minimi
882 3529 975 3612 pretii
997 3530 1054 3608 est,
1079 3527 1152 3609 quia

119 3661 344 3726 saepenumero
362 3639 577 3728 ,111111111101ιι
599 3643 632 3706 in
649 3641 782 3707 istorum
809 3642 1003 3707 sacculorum
1027 3640 1150 3724 scriptis

117 3758 247 3839 apparet
263 3755 328 3838 (Du
345 3754 449 3838 Gange
465 3755 513 3819 ΙΠ
529 3753 615 3838 787).
875 3734 876 3739 ¹

208 3869 326 3934 vocem
343 3865 641 3953 „oeaerrorauoc
658 3845 989 3948 (111011111111111,
1006 3863 1151 3952 sanet)

119 3999 158 4045 ne
182 4001 245 4046 uno
266 3982 392 4063 quidem
416 3981 624 4064 posteriorum
647 3981 913 4062 temporum'looo
935 3979 1068 4060 invenio,
1092 3980 1154 4044 nisi

120 4095 201 4174 quod
213 4094 246 4158 in
258 4095 310 4158 Du
323 4092 442 4176 (langio
454 4095 640 4159 adnotatum
652 4093 751 4176 video,
768 4095 826 4160 hoc
838 4091 967 4159 uerbum
983 4093 1030 4156 illi
1046 4092 1170 4159 occur-'
