2984 4982
356 359 396 422 16
686 360 869 425 Rrocnanus
891 358 1039 422 Kununn.

241 606 246 613 .
352 551 430 616 risse
445 551 478 615 in
494 549 781 616 Consuetudinibus
797 551 976 633 Brageriaoi
992 568 1040 632 ap.
1055 551 1164 614 Thom.
1181 551 1297 614 Madox
1310 550 1381 615 For-

353 667 428 729 mul.
441 665 567 747 Anglic.
583 684 614 747 p.
630 663 1072 747 13111111111111468.
1090 665 1147 729 ool.
1168 665 1184 725 1
1202 663 1266 747 (Du
1279 663 1381 747 Gange

355 777 489 862 11824).
525 777 585 844 Sed
610 777 836 862 „deteriorare“
862 776 903 860 (v.
925 795 1018 859 supra
1040 777 1122 841 inter
1147 776 1242 842 uerba
1268 759 1382 842 saeculi

355 890 471 974 quarti)
488 891 551 954 iam
567 891 690 955 saeculo
707 893 816 976 quarto
832 908 924 973 saepe
940 909 1088 973 apparere
1105 891 1324 956 demonstravi.

438 1003 581 1084 Denique
604 1021 699 1067 causa
722 1003 889 1086 diligenter
911 1004 1037 1086 cognita
1055 1005 1268 1069 recensionem
1283 1001 1380 1067 11111-

353 1119 469 1198 quanto
489 1118 560 1198 post
583 1116 709 1180 initium
733 1117 851 1182 saeculi
873 1117 984 1198 quinti,
1008 1136 1103 1200 prope
1123 1115 1325 1197 annum450‚
1349 1119 1381 1181 ni

350 1230 450 1308 fallor,
468 1229 672 1312 compositam
689 1249 756 1294 esse
771 1229 991 1294 iudicabimus.
1003 1230 1148 1295 Kellerus
1161 1248 1230 1294 eam
1243 1230 1381 1293 eiusdem

350 1342 467 1406 saeculi
482 1342 572 1407 initio
589 1347 689 1408 ortam
705 1363 774 1410 esse
790 1347 952 1409 statuerat.

616 1762 659 1834 B.
687 1761 750 1834 De
778 1761 1046 1836 recensione
1073 1759 1110 1835 Γ.

350 1915 468 1980 (Scholia
480 1915 514 1970 ad
527 1931 607 1970 carm.
621 1915 660 1968 IV
672 1917 688 1970 3
700 1931 783 1982 usque
796 1914 829 1968 ad
847 1915 892 1968 fin.
906 1915 981 1982 epod.
995 1931 1072 1968 serm.
1085 1915 1171 1982 epist,
1191 1929 1257 1982 quae
1275 1915 1381 1968 exstant

349 2003 376 2055 in
397 2001 471 2056 codd.
491 2001 575 2071 resq
593 2001 696 2070 caterio,
721 2004 748 2054 et
770 2001 857 2054 multa
880 2001 989 2070 scholia,
1014 2017 1080 2069 quae
1102 2002 1131 2054 in
1152 2001 1333 2056 recensionem
1354 2005 1381 2058 A

732 2089 894 2156 interpolata
913 2089 995 2158 sunt.)
1297 2085 1300 2092 '

435 2241 526 2303 Hanc
551 2239 765 2304 recensionem
788 2241 919 2302 exeunte
943 2239 1067 2304 saeculo
1089 2238 1197 2320 quinto
1221 2239 1380 2305 exstitisse

349 2352 494 2417 Kellerus
504 2353 688 2416 coniecerat.
705 2352 747 2415 Et
757 2352 824 2416 sine
834 2351 937 2432 dubio,
951 2351 1076 2416 etiamsi
1083 2371 1150 2416 rem
1158 2352 1269 2418 leuiter
1284 2353 1380 2417 attin-

348 2485 502 2548 geremus,
519 2465 731 2530 recensionem
746 2467 767 2524 Γ
781 2465 937 2548 posterius
957 2467 1058 2529 ortam
1078 2484 1145 2530 esse
1162 2483 1256 2546 quam
1271 2485 1380 2530 recen-

350 2579 470 2642 sionem
485 2576 586 2656 Anos
603 2579 812 2662 confugeret.
843 2579 911 2642 Hoc
928 2579 1054 2660 quidem
1069 2581 1176 2644 nostra
1192 2598 1313 2662 qnoque
1330 2581 1380 2644 in-

347 2692 515 2772 quisitione
532 2681 801 2774 comprobabitur3
818 2692 918 2756 multo
935 2691 1018 2756 enim
1029 2693 1120 2775 plura
1131 2691 1226 2758 verba
1237 2693 1381 2758 invenie-

346 2823 425 2884 mus,
444 2821 521 2885 quae
534 2822 552 2868 a
567 2803 791 2886 posterioribus
810 2804 936 2886 quidem
953 2804 1049 2868 medii
1066 2805 1134 2870 aeui
1149 2805 1380 2889 glossatoribus

344 2917 501 2980 historicis
525 2917 764 2998 iurisconsultis
790 2919 845 2982 sed
864 2935 1037 2998 numquam
1057 2919 1143 3001 prius
1167 2919 1378 3002 proteruntur.

346 3029 431 3110 Quae
453 3028 605 3095 vocabula
631 3031 732 3094 acrius
762 3029 970 3112 subtiliusque
1002 3032 1216 3098 examinatore
1239 3032 1381 3098 sufficiat

345 3143 432 3223 mihi,
455 3144 492 3207 de
507 3142 610 3209 verbis
626 3143 763 3226 primum
779 3142 818 3208 ab
835 3142 1013 3209 auctoribus
1030 3145 1133 3226 quarti
1149 3148 1181 3208 et
1195 3145 1379 3230 incipientis

345 3257 447 3338 quinti
462 3257 579 3320 saeculi
594 3257 698 3320 allatis
714 3276 780 3321 rem
796 3256 932 3322 breviter
947 3256 1115 3322 absolvere.

430 3369 467 3454 a)
485 3367 516 3456 α)
530 3370 599 3434 lam
615 3371 757 3434 animum
772 3371 934 3434 attendam
957 3371 996 3434 ad
1015 3369 1110 3436 uerba
1132 3370 1171 3434 ab
1195 3370 1380 3436 auctoribus

344 3484 472 3565 quarti
506 3484 649 3547 saeculi
677 3483 815 3566 primum
842 3483 970 3548 tradita:
1004 3484 1031 3548 1.
1060 3483 1239 3574 1111111111Ι
1264 3482 1378 3564 (schol.

344 3597 433 3680 epist.
451 3597 467 3660 I
484 3595 607 3660 191111.
624 3594 740 3681 rqu);
764 3597 793 3661 2.
810 3595 1037 3663 Athenaeum
1054 3597 1163 3681 (schol.
1182 3617 1272 3662 serm.
1290 3598 1378 3678 110,

319 3709 320 3712 ’
344 3706 384 3770 38
408 3731 447 3770 re
449 3707 511 3795 sq)
539 3729 611 3773 oum
635 3709 878 3792 significatione:
920 3711 1026 3796 „locus
1051 3711 1187 3775 Athenis
1212 3711 1380 3778 Minervae

344 3821 480 3903 dicatus,
512 3823 551 3886 ad
579 3840 672 3903 quem
698 3825 807 3906 poetae
838 3823 953 3905 aliique
980 3824 1146 3906 scriptores
1174 3825 1290 3908 scripta
1317 3844 1381 3889 sua

343 3933 525 4000 deferebant
542 3937 573 4000 et
588 3935 621 3999 in
638 3954 697 4016 quo
717 3938 827 4018 poetae
850 3954 907 4000 sua
929 3939 1074 4019 poemata
1096 3936 1281 4018 recitabant,
1306 3957 1381 4002 ora-

333 4050 426 4112 tores
443 4047 672 4130 declamabant,
689 4048 866 4131 philosophi
877 4047 1111 4132 disputabant.“
1130 4050 1236 4133 (Apud
1247 4050 1383 4118 Liuium
