2984 4982
242 394 292 456 Du
308 415 418 456 urruns
433 415 777 457 rsnunacaomnnonuu
793 415 899 458 serron.
917 415 1045 460 anonas.
1113 393 1154 458 33

154 704 223 785 111.
242 703 413 836 Quomodo
430 703 648 786 recensiones
663 704 788 808 ΑΓνγ
807 704 977 785 sermonis
995 706 1132 787 ratione
1216 765 1222 778 .

488 835 582 915 inter
601 855 636 915 se
655 835 798 914 1161661.

213 1024 282 1088 Iam
290 1042 372 1104 vero,
385 1025 553 1106 postquam
567 1023 624 1086 has
642 1025 706 1086 tres
725 1022 1060 1117 pseudaorouianorum
1070 1025 1156 1088 scho-

127 1137 240 1201 h0rum
260 1137 456 1200 recensiones
469 1136 587 1217 quinto,
606 1138 691 1200 sento
708 1135 902 1218 septimoque
919 1137 1041 1200 saeculo
1062 1137 1155 1201 exsti-

126 1251 202 1315 tisse
214 1250 359 1331 vidimus,
377 1250 529 1331 quasdam
541 1248 773 1314 obseruationes
783 1248 822 1312 ad
830 1249 978 1330 loquendi
986 1269 1156 1333 usumper·

126 1363 261 1428 tinentes
278 1362 387 1427 afferre
402 1361 489 1442 libet,
512 1361 625 1444 quibus
642 1361 803 1442 efficiatur,
830 1361 926 1425 etiam
941 1363 1000 1426 hae
1016 1383 1049 1427 re
1065 1363 1155 1430 16116

125 1477 196 1540 11166
212 1477 294 1541 inter
309 1495 342 1540 se
358 1475 480 1540 differre
496 1474 703 1556 omnibusque
719 1475 851 1538 istorum
874 1477 1052 1558 temporum
1067 1477 1153 1542 vitiis

128 1591 257 1672 scatere.
723 1561 731 1578 ⁰

211 1701 259 1766 Ac
273 1702 410 1784 primum
427 1702 553 1784 quidem
578 1701 890 1772 animaduertendum
904 1702 1037 1784 ridetur,
1062 1721 1156 1784 quem

124 1815 274 1904 confusus
285 1814 549 1898 perturbatusque
561 1815 687 1880 illorum
699 1815 888 1879 scholiorum
901 1834 1001 1880 sermo
1014 1815 1065 1897 611,
1079 1817 1155 1880 adeo

124 1931 160 1992 ut
172 1929 401 1992 sententiarum
413 1929 605 1993 constructio
618 1928 800 2011 saepissime
812 1928 894 1993 male
906 1929 988 1992 inter
1000 1947 1033 1993 se
1045 1913 1155 1994 cohae-

123 2042 200 2105 reat.
232 2041 301 2104 Iam
323 2042 357 2104 in
376 2043 556 2106 recensione
571 2039 601 2102 A
618 2041 793 2106 sententiae
817 2041 971 2123 quaedam
993 2061 1055 2107 non
1079 2043 1155 2107 satis

124 2155 206 2218 clare
222 2157 392 2236 ornateque
408 2173 571 2237 expressae
587 2156 662 2218 sunt
684 2172 742 2218 nec
758 2153 820 2217 nisi
835 2154 971 2218 maxima
987 2173 1059 2218 cum
1074 2155 1154 2218 diffi-

123 2269 241 2332 cultate
257 2287 365 2332 earum
376 2269 441 2333 vim
452 2269 609 2351 percipere
624 2266 708 2347 licet,
726 2267 765 2330 ad
782 2267 863 2348 quod
877 2267 1154 2332 demonstrandum

122 2381 218 2444 haece
234 2381 295 2444 duo
311 2381 451 2463 exempla
468 2397 641 2445 memorare
656 2379 689 2444 in
704 2398 771 2443 rem
787 2399 854 2444 esse
871 2380 1032 2446 duximus:
1054 2381 1154 2447 Schol.

122 2510 218 2557 carm.
235 2493 268 2557 Π
289 2493 318 2574 6,
340 2493 380 2556 21
400 2514 415 2558 6
432 2495 518 2559 codd.
536 2491 618 2573 Ars
643 2493 830 2578 „Eleganter
853 2511 886 2557 se
909 2511 981 2557 cum
1005 2493 1155 2576 Septimio

123 2609 155 2670 et
169 2607 203 2670 in
218 2607 354 2672 laudatis
369 2608 444 2672 locis
461 2609 549 2690 optat
564 2607 667 2671 vivere
684 2608 715 2670 et
731 2625 804 2670 eum
819 2605 933 2670 hahere
954 2607 1154 2689 superstitem

123 2719 331 2802 defunctoque
343 2719 404 2784 sibi
419 2720 503 2784 iusta
518 2717 724 2802 6616611661Ι
741 2719 802 2783 Η16
814 2719 847 2783 in
858 2719 1013 2802 prioribus
1030 2723 1154 2785 senten-

122 2833 190 2898 tiis:
210 2852 262 2918 „se
279 2836 367 2916 optat
381 2833 485 2898 rivere
501 2835 533 2896 61
547 2830 662 2896 habere
679 2832 899 2915 superstitem“
917 2833 1067 2898 Horatius
1081 2831 1154 2898 suh-

122 2945 240 3010 ieotum
256 2948 313 3027 est,
337 2947 370 3010 in
392 2947 506 3010 ultima
529 2947 637 3009 autem
660 2945 840 3028 Septimius.
871 2944 1060 3012 scholiastes
1082 2965 1154 3013 uero

125 3056 254 3143 „illum“
279 3078 341 3126 non
363 3059 482 3142 posuit,
515 3077 575 3140 quo
602 3057 790 3143 Septimium
817 3058 1020 3142 significaret,
1048 3060 1154 3140 itaque

121 3172 315 3253 factumest,
340 3176 376 3237 ut
398 3175 466 3237 tota
482 3171 640 3237 sententia
654 3173 746 3255 plano
763 3173 892 3238 confusa
908 3172 1062 3238 euaderet.
1094 3170 1155 3256 Sed

122 3286 214 3369 longe
224 3285 447 3369 gravissimum
456 3286 633 3368 exemplum
642 3286 764 3350 confusi
772 3284 923 3350 sermonis
935 3287 1075 3366 praestat
1083 3301 1154 3348 mea

123 3398 250 3480 quidem
265 3399 422 3463 sententia
438 3397 533 3464 schol
550 3416 645 3464 earm.
662 3399 695 3463 ΙΙ
712 3397 761 3480 13,
779 3397 820 3462 28
835 3418 851 3463 6
864 3397 951 3462 codd.
966 3394 1062 3476 Αννγ
1079 3396 1155 3481 „li-

123 3530 206 3592 ceus,
220 3513 335 3593 quires
348 3511 477 3577 bellicas
486 3512 620 3594 scripsit,
630 3513 705 3576 dum
714 3531 732 3576 a
741 3513 866 3577 Psitaoo
875 3512 1008 3592 tyranno
1017 3509 1153 3574 civitatis

123 3642 198 3689 suae
216 3625 326 3708 pulsus
347 3628 438 3706 esset,
464 3643 499 3690 eo
520 3625 602 3706 quod
621 3625 885 3708 Mytilenensibus
904 3641 1043 3688 amorem
1060 3621 1154 3686 libcr-

18 3793 21 3800 ,
122 3738 198 3802 16116
222 3738 380 3820 suaderet,
408 3757 484 3820 quos
512 3740 620 3820 postca
647 3739 776 3803 collecto
803 3737 941 3803 exercitu
964 3734 1152 3818 superavit“.

123 3850 212 3931 Quod
228 3852 354 3932 quidem
370 3851 494 3934 saepius
509 3851 733 3934 perlegendum
749 3854 805 3932 est,
829 3853 866 3916 ut
881 3850 956 3931 quid
971 3848 1153 3913 scholiastes

122 3963 256 4028 voluerit
281 3963 456 4047 intellegas.
494 3963 665 4046 Praecipue
690 3965 771 4046 quod
795 3964 828 4028 iu
855 3962 1027 4026 sententia:
1056 3980 1153 4047 „quos

122 4080 230 4158 postea
246 4077 376 4142 collecto
392 4077 528 4140 exercitu
551 4065 729 4160 superavit“
754 4077 931 4142 subiectum
955 4075 1052 4157 deest,
1077 4077 1154 4141 haec

982 4181 998 4229 a
