2984 4982
247 391 298 454 Dn
310 411 420 456 numus
433 383 781 456 nonunncnoumuonuu
794 413 900 456 soson.
914 413 1040 458 neonus
1115 391 1151 456 11

300 585 399 664 guet.
414 582 588 648 adHieron.
605 582 638 646 in
654 583 744 666 epist}
759 583 855 648 eiusd.
866 582 916 648 67.
926 583 980 648 Nr.
990 582 1028 647 5:
1045 583 1153 649 Mart.

299 693 452 778 Capella
467 695 512 759 IX
529 695 556 778 ς.
574 692 636 758 891
649 695 751 779 Kopp.
795 693 936 778 (Foroell.
953 696 985 762 Π
999 695 1087 781 494.)
1137 700 1142 708 ’

143 823 174 890 5.
190 839 395 892 venenosus
411 826 506 891 sohol.
524 825 610 910 epod.
627 825 657 906 5,
675 825 716 889 19
731 825 770 890 A.

247 938 446 1022 Augustin.
464 941 501 1004 de
518 939 595 1005 Gen.
612 941 652 1004 ad
667 940 729 1004 litt.
739 940 817 1005 VIII
830 939 879 1021 13,
893 939 951 1004 29:
970 941 1155 1026 „Venenosa

298 1050 425 1118 herba“.
453 1052 636 1137 (Perperam
657 1053 773 1136 legitur
796 1072 844 1137 ap.
861 1053 949 1119 Varr.
973 1054 1010 1118 R.
1032 1055 1069 1118 R.
1093 1053 1153 1135 12,

299 1165 339 1231 97
356 1166 499 1250 Bipont.:
517 1185 574 1253 „ao
589 1165 764 1233 venenosa“
782 1185 837 1250 pro
855 1185 910 1253 „ao
926 1165 1092 1252 veneno.“)

348 1280 515 1344 Praeterea
523 1280 730 1345 multifariam
738 1283 871 1345 utuntur
879 1280 939 1345 hae
948 1299 1023 1346 voce
1035 1281 1155 1364 glossa-

297 1395 380 1458 tores
396 1394 492 1458 medii
512 1394 590 1474 aevi,
613 1393 700 1459 velut
724 1393 824 1460 Gloss.
842 1393 871 1459 S.
889 1393 1036 1459 German.
1061 1394 1154 1478 (eaeo.

298 1507 429 1592 ootav.):
462 1505 606 1592 „Cerulla
633 1507 715 1587 oola,
747 1525 937 1573 venenosam
968 1507 1154 1584 eervioem;“

298 1618 398 1685 Gloss.
417 1618 564 1702 Amplon.
586 1618 680 1703 (seeo.
697 1620 784 1705 non.)
807 1640 837 1703 p.
851 1619 924 1685 344.
941 1621 996 1685 Nr.
1014 1619 1051 1684 5:
1078 1621 1157 1706 „Le-
1174 1629 1177 1651 ¹

297 1751 394 1797 nones
417 1733 565 1798 venenosi
587 1734 638 1798 vel
662 1731 843 1809 suasores“;
875 1733 976 1799 Gloss
1000 1733 1100 1798 Paris.
1124 1753 1153 1818 p.
1199 1789 1202 1794 .

188 1907 190 1912 ,
298 1843 350 1912 59.
376 1847 430 1911 Nr.
450 1845 490 1910 73
518 1845 611 1930 (saeo.
632 1847 740 1929 ¹non.):
777 1847 980 1932 „Venenosus
1008 1844 1155 1930 serpens“

299 1959 425 2024 similia.

351 2072 494 2156 (Foroell.
511 2073 557 2137 IV
572 2071 645 2137 411.
676 2071 873 2138 Hildebrand
896 2092 925 2156 p.
947 2071 998 2138 50.
1022 2075 1086 2138 not.
1105 2071 1155 2137 73.

293 2188 328 2271 'p.
349 2186 420 2252 194.
437 2191 501 2253 not.
518 2185 570 2249 94.
586 2208 615 2270 p.
634 2185 721 2271 290.)

209 2299 259 2364 Ad
274 2301 356 2366 hano
371 2300 593 2367 vocabulorum
609 2301 722 2365 seriem
737 2301 874 2383 pertinet
889 2301 1022 2366 fortasse
1038 2318 1110 2365 vox:

144 2430 173 2496 6.
191 2430 362 2498 luvamen
379 2433 473 2497 sehol.
491 2432 578 2515 epod.
595 2429 625 2512 5,
643 2429 662 2494 8
679 2429 718 2495 A.

247 2542 399 2629 (Apulei.)
423 2545 475 2608 De
490 2543 669 2609 betonioa
693 2543 817 2627 (quarto
834 2543 884 2609 vel
905 2543 1014 2625 quinto
1031 2544 1154 2608 saeoulo

298 2657 492 2741 conscriptus
504 2657 657 2741 libellus):
677 2657 770 2746 „Fert
784 2657 1064 2740 haemophthisiois
1081 2675 1153 2722 oum

297 2789 392 2855 posea
422 2773 549 2854 sumpta
578 2768 755 2836 iuvamen“.
794 2770 900 2835 Medio
930 2789 1006 2836 aevo
1035 2770 1155 2854 passim

300 2883 485 2969 „iuvamen“
515 2884 651 2948 ooourrit
681 2883 771 2967 (Litt.
796 2902 823 2948 a.
850 2881 933 2947 1372
956 2884 989 2947 in
1013 2883 1154 2949 Ordinat.

297 2999 374 3081 Reg.
398 2997 508 3062 Frano.
534 2997 615 3062 T.V
636 3017 666 3080 p.
693 2995 756 3062 604
779 2997 841 3061 alia
864 2999 896 3062 et
918 3015 1156 3079 nonnumquam

299 3112 332 3174 in
348 3109 487 3195 glossis.)

351 3223 494 3308 (Foroell.
511 3223 544 3288 Π
559 3221 632 3288 608.
650 3223 701 3288 Du
717 3221 823 3306 Gange
839 3223 888 3288 III
903 3221 991 3308 956.)

209 3372 240 3455 β)
256 3371 415 3455 Imprimis
436 3391 508 3438 voro
529 3372 670 3438 animum
694 3374 914 3438 convertamus
936 3352 977 3436 ad
992 3372 1046 3436 illa
1066 3388 1157 3436 vooa-

120 3485 205 3566 bula,
215 3504 294 3567 quae
306 3486 444 3568 primum
455 3484 494 3549 ab
504 3485 684 3550 auotoribus
698 3485 800 3568 quinti
813 3462 930 3550 saeouli
938 3486 1154 3569 proferuntur:

146 3625 173 3688 l.
191 3623 380 3691 districtio
397 3625 493 3689 sohol.
508 3642 603 3688 earm.
619 3623 668 3689 Ill
683 3623 735 3707 24,
750 3623 789 3688 31
808 3621 905 3706 Aop:
931 3623 1155 3708 „ineolumem]

349 3737 382 3802 in
398 3737 594 3802 districtione
611 3737 800 3804 servatam.“

245 3869 362 3934 Nostra
377 3886 449 3932 oum
473 3866 702 3951 significatione
726 3867 781 3951 (=
799 3868 963 3947 severitas,
992 3867 1158 3950 disciplina

299 3983 406 4045 exaoto
423 3981 560 4064 servata)
581 3981 640 4046 hoo
655 3979 843 4046 vocabulum
866 3981 987 4064 primus
1013 3979 1156 4046 Cassia-

298 4113 384 4178 num,
402 4093 455 4181 qui
471 4093 510 4162 ab
526 4112 607 4160 anno
619 4092 693 4159 425.
706 4113 806 4176 usque
822 4094 861 4160 ad
876 4111 996 4159 annum
1010 4091 1085 4160 450.
1099 4111 1157 4159 sua
