2984 4982
258 369 308 432 Dn
324 391 433 432 uersus
449 391 794 435 rsnunncnoumrouuu
810 393 918 436 sorren.
934 395 1061 438 nncnus.
1133 373 1174 436 39

143 561 369 644 grammaticae
391 561 504 624 ultima
528 565 559 626 et
583 563 749 626 deterrima
771 565 911 645 tempora
934 563 1024 628 nobis
1047 565 1174 629 demon·

144 677 240 750 strat3
257 675 312 739 sed
327 676 462 739 maxime
478 675 616 757 proiecto
633 677 690 740 hac
702 677 779 740 inre
794 677 913 741 insanit
928 677 1110 742 scholiastes
1122 699 1172 756 νγ.

228 788 339 870 Itaque
354 807 416 853 non
432 789 555 853 deiectu
571 791 672 854 solum
684 789 858 870 uerbomm‚
874 810 983 856 verum
999 791 1095 856 totius
1108 811 1173 856 ser-

143 902 245 966 monis
257 903 377 968 ratione
389 903 584 968 recensiones
593 904 881 968 Pseudacronianas
894 922 1080 988 magnopere
1092 905 1174 970 inter

144 1033 177 1079 sc
192 1015 315 1080 differre
331 1017 581 1081 demonstratum
597 1022 653 1080 est.

188 1516 253 1628 JV.
272 1517 320 1596 Do
339 1513 439 1606 ἅπαξ
459 1518 677 1620 εἰρημένοις,
697 1537 786 1616 quac
803 1517 843 1596 in
861 1518 1122 1598 assensionibus

504 1656 623 1757 ΑΓνγ
638 1659 818 1756 apparent.

227 1871 296 1935 Iam
312 1871 438 1952 quidem
455 1891 490 1936 co
505 1871 692 1955 processisse
709 1872 851 1936 videatur
866 1881 973 1935 nostra
993 1871 1172 1952 disputatio,

141 1989 177 2049 ut
197 1985 413 2068 perscrutandi
436 1985 531 2049 finem
546 1986 648 2050 faeere
670 1986 795 2060 liceret3
820 1986 874 2049 sed
896 2003 969 2050 cum
998 2003 1174 2049 sermonem

140 2098 357 2163 recensionem
385 2096 496 2179 Al'rp
518 2117 741 2182 percenseam,
774 2098 845 2174 ἅπαξ
868 2098 999 2179 εἰρημένα
1021 2098 1174 2180 quaedam

141 2213 221 2276 mihi
236 2215 446 2292 occurrerunt,
471 2230 550 2293 quae
565 2213 616 2276 hic
632 2213 796 2277 adnectere
813 2231 922 2295 operae
937 2213 1074 2295 pretium
1089 2212 1174 2276 ride-

141 2329 202 2390 tur.
235 2326 346 2406 Itaque
364 2346 379 2389 e
395 2325 575 2390 recensione
591 2322 621 2387 A
639 2324 668 2404 6,
693 2346 709 2388 e
724 2325 904 2389 recensione
919 2328 940 2386 Γ
957 2324 1006 2406 16,
1032 2345 1048 2389 c
1068 2344 1174 2390 recen-

142 2439 229 2504 sione
245 2461 288 2519 νγ
304 2438 346 2502 22
362 2440 442 2503 tales
458 2457 548 2504 voces
565 2439 717 2502 allaturus
734 2457 814 2502 sum.
844 2438 928 2502 Nam
951 2456 1011 2519 quo
1034 2455 1174 2519 quaeque

143 2553 296 2636 posterior
310 2553 451 2617 recensio
467 2554 524 2632 est,
542 2571 577 2616 eo
592 2553 683 2634 plura
694 2551 789 2634 verba
801 2551 891 2616 nobis
904 2552 1013 2634 ignota
1025 2550 1172 2614 continet.

141 2667 248 2731 Etiam
263 2667 321 2730 hac
334 2667 431 2749 igitur
442 2665 577 2730 tabellae
589 2685 662 2729 cum
674 2668 798 2729 nostrae
811 2664 1038 2746 disquisitionis
1051 2681 1174 2727 summa

142 2780 342 2844 consentiunt
365 2782 459 2860 atque
479 2779 579 2843 denuo
595 2781 817 2862 argumentum
836 2797 930 2862 graue
946 2780 978 2843 et
994 2775 1174 2860 significans

142 2894 181 2958 ad
196 2893 392 2958 recensiones
409 2892 623 2957 diiudicandae
639 2892 799 2975 praebent.

227 3008 359 3090 Insuper
381 3006 549 3086 unicuique
571 3004 665 3070 verbo
687 3005 825 3071 breviter
844 3006 949 3070 omnia
972 3004 1173 3069 adiuncturus

142 3140 221 3199 sum,
247 3139 325 3201 quae
341 3120 420 3183 mihi
435 3120 475 3184 ad
490 3119 567 3183 haec
585 3118 736 3184 vocabula
755 3119 942 3184 illustranda
957 3119 1112 3201 pertinere
1129 3116 1173 3180 vi-

142 3235 264 3297 dentur.

436 3529 475 3628 c)
494 3528 527 3601 Ε
546 3529 814 3603 recensione
833 3528 880 3601 A.

168 3722 195 3785 1.
209 3721 401 3788 fucatis:
412 3720 565 3803 splendor.
576 3720 838 3786 Schol.oarm.III
849 3719 899 3799 28,
914 3717 987 3782 1οΑ
996 3740 1039 3796 νγ
1048 3717 1176 3799 „Nerei—

373 3835 447 3897 dum
463 3835 585 3916 comae]
606 3832 720 3896 Herbis
737 3833 855 3896 similes
872 3851 969 3913 aquae
985 3829 1173 3894 fucatione“.

165 3964 195 4030 2.
208 3963 350 4048 Hesper
366 3991 405 4020 =
418 3965 587 4046 Hesperus.
602 3963 703 4028 Schol.
717 3981 812 4026 carm.
826 3962 858 4026 ΙΙ
870 3962 899 4042 9,
919 3960 959 4023 10
970 3958 1052 4041 Ανγ
1069 3961 1175 4044 „Idem

374 4079 453 4162 hesp
470 4078 541 4164 (esp
557 4077 587 4142 A
603 4096 692 4161 uesp
708 4076 749 4158 γ),
774 4077 827 4159 qui
843 4078 874 4138 ct
890 4074 1014 4138 Lucifer
1030 4075 1174 4139 dicitur“.
