<?xml version="1.0" encoding="UTF-8"?>
<!DOCTYPE html PUBLIC "-//W3C//DTD XHTML 1.0 Transitional//EN"
    "http://www.w3.org/TR/xhtml1/DTD/xhtml1-transitional.dtd">
<html xmlns="http://www.w3.org/1999/xhtml" xml:lang="en" lang="en">
 <head>
  <title>
</title>
<meta http-equiv="Content-Type" content="text/html;charset=utf-8" />
  <meta name='ocr-system' content='tesseract 3.04.00' />
  <meta name='ocr-capabilities' content='ocr_page ocr_carea ocr_par ocr_line ocrx_word'/>
</head>
<body>
  <div class='ocr_page' id='page_1' title='image "./detribuspseudac00urbagoog_0034.png"; bbox 0 0 2984 4982; ppageno 0'>
   <div class='ocr_carea' id='block_1_1' title="bbox 252 371 1160 438">
    <p class='ocr_par' dir='ltr' id='par_1_1' title="bbox 252 371 1160 438">
     <span class='ocr_line' id='line_1_1' title="bbox 252 371 1160 438; baseline -0.004 0"><span class='ocrx_word' id='word_1_1' title='bbox 252 374 303 438; x_wconf 80' lang='lat' dir='ltr'><strong>Da</strong></span> <span class='ocrx_word' id='word_1_2' title='bbox 314 394 425 436; x_wconf 78' lang='lat' dir='ltr'><strong>narnus</strong></span> <span class='ocrx_word' id='word_1_3' title='bbox 437 393 784 436; x_wconf 75' lang='lat' dir='ltr'><strong>osannaonourauoauu</strong></span> <span class='ocrx_word' id='word_1_4' title='bbox 796 392 902 434; x_wconf 79' lang='lat' dir='ltr'><strong>senon.</strong></span> <span class='ocrx_word' id='word_1_5' title='bbox 916 392 1044 434; x_wconf 77' lang='lat' dir='ltr'><strong>neonus.</strong></span> <span class='ocrx_word' id='word_1_6' title='bbox 1119 371 1160 434; x_wconf 87' lang='grc'><strong>23</strong></span> 
     </span>
    </p>
   </div>
   <div class='ocr_carea' id='block_1_2' title="bbox 123 562 1159 1440">
    <p class='ocr_par' dir='ltr' id='par_1_2' title="bbox 125 562 1159 1100">
     <span class='ocr_line' id='line_1_2' title="bbox 125 562 1159 650; baseline -0.002 -20"><span class='ocrx_word' id='word_1_7' title='bbox 125 585 206 645; x_wconf 88' lang='lat' dir='ltr'><strong>rum,</strong></span> <span class='ocrx_word' id='word_1_8' title='bbox 231 565 284 647; x_wconf 88' lang='lat' dir='ltr'><strong>qui</strong></span> <span class='ocrx_word' id='word_1_9' title='bbox 298 565 380 628; x_wconf 90' lang='lat' dir='ltr'><strong>hano</strong></span> <span class='ocrx_word' id='word_1_10' title='bbox 395 581 504 629; x_wconf 89' lang='lat' dir='ltr'><strong>uooem</strong></span> <span class='ocrx_word' id='word_1_11' title='bbox 519 563 752 650; x_wconf 69' lang='lat' dir='ltr'><strong>interpretatur,</strong></span> <span class='ocrx_word' id='word_1_12' title='bbox 777 564 808 626; x_wconf 89' lang='grc'><strong>11</strong></span> <span class='ocrx_word' id='word_1_13' title='bbox 822 562 880 626; x_wconf 91' lang='lat' dir='ltr'><strong>has</strong></span> <span class='ocrx_word' id='word_1_14' title='bbox 896 562 1016 646; x_wconf 82' lang='lat' dir='ltr'>glossas</span> <span class='ocrx_word' id='word_1_15' title='bbox 1034 581 1159 648; x_wconf 83' lang='lat' dir='ltr'><strong>,comc-</strong></span> 
     </span>
     <span class='ocr_line' id='line_1_3' title="bbox 126 657 1158 761; baseline 0 -19"><span class='ocrx_word' id='word_1_16' title='bbox 126 676 211 744; x_wconf 81' lang='lat' dir='ltr'><strong>stor“</strong></span> <span class='ocrx_word' id='word_1_17' title='bbox 230 678 326 744; x_wconf 88' lang='lat' dir='ltr'><strong>etiam</strong></span> <span class='ocrx_word' id='word_1_18' title='bbox 344 678 427 761; x_wconf 92' lang='lat' dir='ltr'><strong>apud</strong></span> <span class='ocrx_word' id='word_1_19' title='bbox 442 677 508 742; x_wconf 91' lang='lat' dir='ltr'><strong>dec.</strong></span> <span class='ocrx_word' id='word_1_20' title='bbox 525 679 596 741; x_wconf 90' lang='lat' dir='ltr'><strong>tert.</strong></span> <span class='ocrx_word' id='word_1_21' title='bbox 611 679 711 758; x_wconf 85' lang='lat' dir='ltr'><strong>quart.</strong></span> <span class='ocrx_word' id='word_1_22' title='bbox 729 694 809 740; x_wconf 84' lang='lat' dir='ltr'><strong>saec.</strong></span> <span class='ocrx_word' id='word_1_23' title='bbox 827 677 969 740; x_wconf 77' lang='lat' dir='ltr'><strong>auctores</strong></span> <span class='ocrx_word' id='word_1_24' title='bbox 985 657 1158 742; x_wconf 82' lang='lat' dir='ltr'><strong>invenitur:</strong></span> 
     </span>
     <span class='ocr_line' id='line_1_4' title="bbox 127 787 1158 879; baseline -0.004 -22"><span class='ocrx_word' id='word_1_25' title='bbox 127 791 242 857; x_wconf 77' lang='lat' dir='ltr'><strong>Concil.</strong></span> <span class='ocrx_word' id='word_1_26' title='bbox 260 793 430 879; x_wconf 84' lang='lat' dir='ltr'><strong>Turonens</strong></span> <span class='ocrx_word' id='word_1_27' title='bbox 448 809 475 854; x_wconf 88' lang='lat' dir='ltr'><strong>a.</strong></span> <span class='ocrx_word' id='word_1_28' title='bbox 494 788 619 854; x_wconf 89' lang='grc'><strong>12821.</strong></span> <span class='ocrx_word' id='word_1_29' title='bbox 637 789 673 853; x_wconf 87' lang='lat'><strong>9:</strong></span> <span class='ocrx_word' id='word_1_30' title='bbox 700 787 835 875; x_wconf 76' lang='lat' dir='ltr'><strong>„Contra</strong></span> <span class='ocrx_word' id='word_1_31' title='bbox 854 789 934 870; x_wconf 90' lang='lat' dir='ltr'><strong>illos,</strong></span> <span class='ocrx_word' id='word_1_32' title='bbox 960 789 1014 872; x_wconf 89' lang='lat' dir='ltr'><strong>qui</strong></span> <span class='ocrx_word' id='word_1_33' title='bbox 1036 793 1158 872; x_wconf 90' lang='lat' dir='ltr'><strong>ponunt</strong></span> 
     </span>
     <span class='ocr_line' id='line_1_5' title="bbox 125 899 1156 987; baseline -0.004 -17"><span class='ocrx_word' id='word_1_34' title='bbox 125 908 314 970; x_wconf 90' lang='lat' dir='ltr'><strong>comestores</strong></span> <span class='ocrx_word' id='word_1_35' title='bbox 337 904 546 987; x_wconf 89' lang='lat' dir='ltr'><strong>inreligiosis</strong></span> <span class='ocrx_word' id='word_1_36' title='bbox 569 899 745 968; x_wconf 81' lang='lat' dir='ltr'><strong>domibus“.</strong></span> <span class='ocrx_word' id='word_1_37' title='bbox 777 900 893 980; x_wconf 79' lang='lat' dir='ltr'><strong>Concil.</strong></span> <span class='ocrx_word' id='word_1_38' title='bbox 924 902 1100 968; x_wconf 86' lang='lat' dir='ltr'><strong>Redonens.</strong></span> <span class='ocrx_word' id='word_1_39' title='bbox 1129 921 1156 966; x_wconf 87' lang='lat' dir='ltr'><strong>a.</strong></span> 
     </span>
     <span class='ocr_line' id='line_1_6' title="bbox 131 1015 844 1100; baseline -0.003 -18"><span class='ocrx_word' id='word_1_40' title='bbox 131 1019 214 1082; x_wconf 83' lang='lat'><strong>1373</strong></span> <span class='ocrx_word' id='word_1_41' title='bbox 231 1039 257 1083; x_wconf 93' lang='lat' dir='ltr'><strong>c.</strong></span> <span class='ocrx_word' id='word_1_42' title='bbox 274 1017 296 1080; x_wconf 90' lang='grc'>4</span> <span class='ocrx_word' id='word_1_43' title='bbox 312 1020 343 1082; x_wconf 92' lang='grc'><strong>11</strong></span> <span class='ocrx_word' id='word_1_44' title='bbox 359 1017 521 1100; x_wconf 87' lang='lat' dir='ltr'><strong>Andegau.</strong></span> <span class='ocrx_word' id='word_1_45' title='bbox 539 1035 565 1082; x_wconf 89' lang='lat' dir='ltr'><strong>a.</strong></span> <span class='ocrx_word' id='word_1_46' title='bbox 585 1015 668 1080; x_wconf 89' lang='lat'>1365</span> <span class='ocrx_word' id='word_1_47' title='bbox 684 1036 709 1082; x_wconf 93' lang='lat' dir='ltr'><strong>c.</strong></span> <span class='ocrx_word' id='word_1_48' title='bbox 727 1015 844 1082; x_wconf 86' lang='grc'><strong>24111.</strong></span> 
     </span>
    </p>

    <p class='ocr_par' dir='ltr' id='par_1_3' title="bbox 212 1127 816 1214">
     <span class='ocr_line' id='line_1_7' title="bbox 212 1127 816 1214; baseline -0.007 -18"><span class='ocrx_word' id='word_1_49' title='bbox 212 1131 353 1214; x_wconf 78' lang='lat' dir='ltr'><strong>(Forcell.</strong></span> <span class='ocrx_word' id='word_1_50' title='bbox 371 1131 387 1193; x_wconf 93' lang='grc' dir='ltr'>Ι</span> <span class='ocrx_word' id='word_1_51' title='bbox 402 1128 475 1195; x_wconf 81' lang='grc'><strong>509.</strong></span> <span class='ocrx_word' id='word_1_52' title='bbox 492 1131 543 1194; x_wconf 88' lang='lat' dir='ltr'><strong>Du</strong></span> <span class='ocrx_word' id='word_1_53' title='bbox 560 1128 665 1212; x_wconf 83' lang='lat' dir='ltr'><strong>Oange</strong></span> <span class='ocrx_word' id='word_1_54' title='bbox 681 1129 713 1194; x_wconf 94' lang='grc' dir='ltr'><strong><em>Π</em></strong></span> <span class='ocrx_word' id='word_1_55' title='bbox 728 1127 816 1212; x_wconf 85' lang='grc'><strong>463.)</strong></span> 
     </span>
    </p>

    <p class='ocr_par' dir='ltr' id='par_1_4' title="bbox 123 1242 1159 1440">
     <span class='ocr_line' id='line_1_8' title="bbox 211 1242 1159 1324; baseline -0.004 -15"><span class='ocrx_word' id='word_1_56' title='bbox 211 1245 319 1310; x_wconf 88' lang='lat' dir='ltr'><strong>Liceat</strong></span> <span class='ocrx_word' id='word_1_57' title='bbox 335 1245 414 1310; x_wconf 90' lang='lat' dir='ltr'><strong>mihi</strong></span> <span class='ocrx_word' id='word_1_58' title='bbox 431 1245 469 1309; x_wconf 90' lang='lat' dir='ltr'><strong>ad</strong></span> <span class='ocrx_word' id='word_1_59' title='bbox 486 1262 591 1308; x_wconf 91' lang='lat' dir='ltr'><strong>meam</strong></span> <span class='ocrx_word' id='word_1_60' title='bbox 609 1243 800 1309; x_wconf 87' lang='lat' dir='ltr'><strong>sententiam</strong></span> <span class='ocrx_word' id='word_1_61' title='bbox 819 1242 1074 1322; x_wconf 88' lang='lat' dir='ltr'><strong>confirmandam,</strong></span> <span class='ocrx_word' id='word_1_62' title='bbox 1097 1259 1159 1324; x_wconf 90' lang='lat' dir='ltr'><strong>qua</strong></span> 
     </span>
     <span class='ocr_line' id='line_1_9' title="bbox 123 1352 1159 1440; baseline -0.004 -16"><span class='ocrx_word' id='word_1_63' title='bbox 123 1359 337 1440; x_wconf 77' lang='lat' dir='ltr'><strong>recensionem</strong></span> <span class='ocrx_word' id='word_1_64' title='bbox 349 1360 369 1417; x_wconf 92' lang='grc' dir='ltr'><strong>Γ</strong></span> <span class='ocrx_word' id='word_1_65' title='bbox 381 1358 504 1422; x_wconf 88' lang='lat' dir='ltr'><strong>saeculo</strong></span> <span class='ocrx_word' id='word_1_66' title='bbox 517 1359 602 1420; x_wconf 89' lang='lat' dir='ltr'><strong>sexto</strong></span> <span class='ocrx_word' id='word_1_67' title='bbox 619 1355 722 1420; x_wconf 91' lang='lat' dir='ltr'><strong>medio</strong></span> <span class='ocrx_word' id='word_1_68' title='bbox 742 1355 780 1438; x_wconf 88' lang='lat' dir='ltr'><strong>(c.</strong></span> <span class='ocrx_word' id='word_1_69' title='bbox 792 1352 977 1438; x_wconf 81' lang='lat'>530—550)</span> <span class='ocrx_word' id='word_1_70' title='bbox 1002 1355 1159 1421; x_wconf 84' lang='lat' dir='ltr'><strong>exstitisse</strong></span> 
     </span>
    </p>
   </div>
   <div class='ocr_carea' id='block_1_3' title="bbox 123 1467 1264 1556">
    <p class='ocr_par' dir='ltr' id='par_1_5' title="bbox 123 1467 1264 1556">
     <span class='ocr_line' id='line_1_10' title="bbox 123 1467 1264 1556; baseline -0.004 -20"><span class='ocrx_word' id='word_1_71' title='bbox 123 1475 209 1556; x_wconf 89' lang='lat' dir='ltr'><strong>puto,</strong></span> <span class='ocrx_word' id='word_1_72' title='bbox 223 1489 321 1536; x_wconf 90' lang='lat' dir='ltr'><strong>unum</strong></span> <span class='ocrx_word' id='word_1_73' title='bbox 335 1469 461 1552; x_wconf 91' lang='lat' dir='ltr'><strong>quidem</strong></span> <span class='ocrx_word' id='word_1_74' title='bbox 473 1469 592 1548; x_wconf 90' lang='lat' dir='ltr'><strong>afferre,</strong></span> <span class='ocrx_word' id='word_1_75' title='bbox 610 1469 692 1550; x_wconf 93' lang='lat' dir='ltr'><strong>quod</strong></span> <span class='ocrx_word' id='word_1_76' title='bbox 703 1486 766 1532; x_wconf 92' lang='lat' dir='ltr'><strong>non</strong></span> <span class='ocrx_word' id='word_1_77' title='bbox 783 1469 821 1532; x_wconf 92' lang='lat' dir='ltr'><strong>ad</strong></span> <span class='ocrx_word' id='word_1_78' title='bbox 838 1468 990 1532; x_wconf 90' lang='lat' dir='ltr'><strong>sermonis</strong></span> <span class='ocrx_word' id='word_1_79' title='bbox 1003 1467 1158 1533; x_wconf 89' lang='lat' dir='ltr'><strong>rationem</strong></span> <span class='ocrx_word' id='word_1_80' title='bbox 1263 1493 1264 1508; x_wconf 54' lang='lat'>¹</span> 
     </span>
    </p>
   </div>
   <div class='ocr_carea' id='block_1_4' title="bbox 121 1581 1159 2236">
    <p class='ocr_par' dir='ltr' id='par_1_6' title="bbox 121 1581 1159 2236">
     <span class='ocr_line' id='line_1_11' title="bbox 124 1581 1158 1668; baseline -0.004 -18"><span class='ocrx_word' id='word_1_81' title='bbox 124 1587 255 1668; x_wconf 89' lang='lat' dir='ltr'><strong>spectat.</strong></span> <span class='ocrx_word' id='word_1_82' title='bbox 277 1583 327 1649; x_wconf 87' lang='lat' dir='ltr'><strong>Ab</strong></span> <span class='ocrx_word' id='word_1_83' title='bbox 339 1584 398 1648; x_wconf 88' lang='lat' dir='ltr'><strong>hac</strong></span> <span class='ocrx_word' id='word_1_84' title='bbox 411 1583 496 1647; x_wconf 89' lang='lat' dir='ltr'><strong>enim</strong></span> <span class='ocrx_word' id='word_1_85' title='bbox 512 1582 669 1650; x_wconf 89' lang='lat' dir='ltr'><strong>sententia</strong></span> <span class='ocrx_word' id='word_1_86' title='bbox 684 1583 789 1646; x_wconf 89' lang='lat' dir='ltr'><strong>locum</strong></span> <span class='ocrx_word' id='word_1_87' title='bbox 804 1581 1158 1647; x_wconf 80' lang='lat' dir='ltr'><strong>recensionisFTheoti-</strong></span> 
     </span>
     <span class='ocr_line' id='line_1_12' title="bbox 123 1695 1158 1782; baseline -0.004 -18"><span class='ocrx_word' id='word_1_88' title='bbox 123 1695 1158 1782; x_wconf 86' lang='lat' dir='ltr'><strong>stumgrammaticumcommemorantemminimeabhorrereduco</strong></span> 
     </span>
     <span class='ocr_line' id='line_1_13' title="bbox 124 1788 1158 1895; baseline -0.001 -20"><span class='ocrx_word' id='word_1_89' title='bbox 124 1811 234 1895; x_wconf 88' lang='lat' dir='ltr'><strong>(schol.</strong></span> <span class='ocrx_word' id='word_1_90' title='bbox 253 1788 344 1876; x_wconf 78' lang='lat' dir='ltr'><strong>serm.</strong></span> <span class='ocrx_word' id='word_1_91' title='bbox 362 1811 378 1874; x_wconf 91' lang='lat' dir='ltr'>I</span> <span class='ocrx_word' id='word_1_92' title='bbox 393 1809 423 1891; x_wconf 79' lang='lat'><strong>5,</strong></span> <span class='ocrx_word' id='word_1_93' title='bbox 440 1809 513 1894; x_wconf 82' lang='grc'><strong>91);</strong></span> <span class='ocrx_word' id='word_1_94' title='bbox 539 1810 633 1894; x_wconf 88' lang='lat' dir='ltr'><strong>„Bari</strong></span> <span class='ocrx_word' id='word_1_95' title='bbox 649 1811 767 1892; x_wconf 83' lang='lat' dir='ltr'><strong>moen]</strong></span> <span class='ocrx_word' id='word_1_96' title='bbox 784 1808 903 1881; x_wconf 77' lang='lat' dir='ltr'><strong>¹Ciuitas</strong></span> <span class='ocrx_word' id='word_1_97' title='bbox 918 1807 1062 1892; x_wconf 85' lang='lat' dir='ltr'><strong>Apuliae,</strong></span> <span class='ocrx_word' id='word_1_98' title='bbox 1079 1827 1158 1891; x_wconf 89' lang='lat' dir='ltr'><strong>quae</strong></span> 
     </span>
     <span class='ocr_line' id='line_1_14' title="bbox 127 1922 1159 2010; baseline -0.003 -21"><span class='ocrx_word' id='word_1_99' title='bbox 127 1925 304 2010; x_wconf 88' lang='lat' dir='ltr'><strong>appellatur</strong></span> <span class='ocrx_word' id='word_1_100' title='bbox 315 1924 454 2005; x_wconf 88' lang='lat' dir='ltr'><strong>Barium,</strong></span> <span class='ocrx_word' id='word_1_101' title='bbox 473 1922 732 2006; x_wconf 91' lang='lat' dir='ltr'><strong>quaeAtbaris</strong></span> <span class='ocrx_word' id='word_1_102' title='bbox 749 1923 895 1987; x_wconf 89' lang='lat' dir='ltr'><strong>dieitur</strong></span> <span class='ocrx_word' id='word_1_103' title='bbox 910 1922 1105 2004; x_wconf 88' lang='lat' dir='ltr'><strong>hodieque,</strong></span> <span class='ocrx_word' id='word_1_104' title='bbox 1122 1925 1159 1986; x_wconf 89' lang='lat' dir='ltr'><strong>ut</strong></span> 
     </span>
     <span class='ocr_line' id='line_1_15' title="bbox 122 2034 1157 2122; baseline -0.001 -20"><span class='ocrx_word' id='word_1_105' title='bbox 122 2038 220 2103; x_wconf 89' lang='lat' dir='ltr'><strong>dixit</strong></span> <span class='ocrx_word' id='word_1_106' title='bbox 242 2037 469 2122; x_wconf 88' lang='lat' dir='ltr'><strong>grammaticus</strong></span> <span class='ocrx_word' id='word_1_107' title='bbox 486 2034 753 2102; x_wconf 84' lang='lat' dir='ltr'><strong>Theotistus.“&#39;</strong></span> <span class='ocrx_word' id='word_1_108' title='bbox 769 2037 830 2101; x_wconf 91' lang='lat' dir='ltr'><strong>Hic</strong></span> <span class='ocrx_word' id='word_1_109' title='bbox 846 2036 1028 2101; x_wconf 84' lang='lat' dir='ltr'><strong>Theotistus</strong></span> <span class='ocrx_word' id='word_1_110' title='bbox 1051 2053 1157 2120; x_wconf 87' lang='lat' dir='ltr'><strong>gram·</strong></span> 
     </span>
     <span class='ocr_line' id='line_1_16' title="bbox 121 2149 1155 2236; baseline -0.002 -20"><span class='ocrx_word' id='word_1_111' title='bbox 121 2152 258 2217; x_wconf 88' lang='lat' dir='ltr'><strong>matious</strong></span> <span class='ocrx_word' id='word_1_112' title='bbox 272 2154 454 2236; x_wconf 87' lang='lat' dir='ltr'><strong>praeceptor</strong></span> <span class='ocrx_word' id='word_1_113' title='bbox 469 2150 624 2214; x_wconf 90' lang='lat' dir='ltr'><strong>Prisciani</strong></span> <span class='ocrx_word' id='word_1_114' title='bbox 638 2149 709 2230; x_wconf 89' lang='lat' dir='ltr'><strong>fuit,</strong></span> <span class='ocrx_word' id='word_1_115' title='bbox 733 2153 769 2213; x_wconf 91' lang='lat' dir='ltr'><strong>ut</strong></span> <span class='ocrx_word' id='word_1_116' title='bbox 783 2149 929 2214; x_wconf 90' lang='lat' dir='ltr'><strong>Kellerus</strong></span> <span class='ocrx_word' id='word_1_117' title='bbox 946 2150 1042 2215; x_wconf 90' lang='lat' dir='ltr'><strong>etiam</strong></span> <span class='ocrx_word' id='word_1_118' title='bbox 1059 2149 1155 2214; x_wconf 90' lang='lat' dir='ltr'><strong>adno-</strong></span> 
     </span>
    </p>
   </div>
   <div class='ocr_carea' id='block_1_5' title="bbox 121 2261 1157 2460">
    <p class='ocr_par' dir='ltr' id='par_1_7' title="bbox 121 2261 1157 2460">
     <span class='ocr_line' id='line_1_17' title="bbox 121 2261 1155 2348; baseline 0 -20"><span class='ocrx_word' id='word_1_119' title='bbox 121 2265 201 2330; x_wconf 84' lang='lat' dir='ltr'><strong>tavit</strong></span> <span class='ocrx_word' id='word_1_120' title='bbox 223 2265 336 2347; x_wconf 83' lang='lat' dir='ltr'><strong>[Prisc.</strong></span> <span class='ocrx_word' id='word_1_121' title='bbox 352 2265 458 2328; x_wconf 88' lang='lat' dir='ltr'><strong>Instit.</strong></span> <span class='ocrx_word' id='word_1_122' title='bbox 476 2263 520 2328; x_wconf 92' lang='lat' dir='ltr'><strong>VI</strong></span> <span class='ocrx_word' id='word_1_123' title='bbox 536 2261 577 2326; x_wconf 86' lang='lat'><strong>51</strong></span> <span class='ocrx_word' id='word_1_124' title='bbox 603 2263 646 2346; x_wconf 87' lang='lat' dir='ltr'><strong>(p.</strong></span> <span class='ocrx_word' id='word_1_125' title='bbox 664 2261 736 2343; x_wconf 91' lang='grc'><strong>238,</strong></span> <span class='ocrx_word' id='word_1_126' title='bbox 753 2261 774 2324; x_wconf 83' lang='lat'>5</span> <span class='ocrx_word' id='word_1_127' title='bbox 790 2281 857 2344; x_wconf 84' lang='lat' dir='ltr'><strong>sqq.</strong></span> <span class='ocrx_word' id='word_1_128' title='bbox 873 2261 946 2348; x_wconf 83' lang='lat' dir='ltr'><strong>H.):</strong></span> <span class='ocrx_word' id='word_1_129' title='bbox 972 2261 1081 2348; x_wconf 76' lang='lat' dir='ltr'><strong>„Quod</strong></span> <span class='ocrx_word' id='word_1_130' title='bbox 1097 2314 1104 2327; x_wconf 92' lang='lat'>.</span> <span class='ocrx_word' id='word_1_131' title='bbox 1123 2314 1130 2328; x_wconf 93' lang='lat'><strong>.</strong></span> <span class='ocrx_word' id='word_1_132' title='bbox 1149 2315 1155 2328; x_wconf 95' lang='lat'>.</span> 
     </span>
     <span class='ocr_line' id='line_1_18' title="bbox 121 2373 1157 2460; baseline -0.002 -18"><span class='ocrx_word' id='word_1_133' title='bbox 121 2379 303 2444; x_wconf 87' lang='lat' dir='ltr'><strong>deotissime</strong></span> <span class='ocrx_word' id='word_1_134' title='bbox 319 2377 456 2442; x_wconf 91' lang='lat' dir='ltr'><strong>attendit</strong></span> <span class='ocrx_word' id='word_1_135' title='bbox 471 2379 577 2442; x_wconf 89' lang='lat' dir='ltr'><strong>noster</strong></span> <span class='ocrx_word' id='word_1_136' title='bbox 589 2379 770 2460; x_wconf 90' lang='lat' dir='ltr'><strong>praeceptor</strong></span> <span class='ocrx_word' id='word_1_137' title='bbox 778 2373 999 2441; x_wconf 77' lang='lat' dir='ltr'><strong>Thooctistus“</strong></span> <span class='ocrx_word' id='word_1_138' title='bbox 1010 2378 1041 2440; x_wconf 95' lang='lat' dir='ltr'><strong>et</strong></span> <span class='ocrx_word' id='word_1_139' title='bbox 1049 2376 1157 2441; x_wconf 89' lang='lat' dir='ltr'><strong>XVIll</strong></span> 
     </span>
    </p>
   </div>
   <div class='ocr_carea' id='block_1_6' title="bbox 118 2488 1156 3027">
    <p class='ocr_par' dir='ltr' id='par_1_8' title="bbox 118 2488 1156 3027">
     <span class='ocr_line' id='line_1_19' title="bbox 119 2488 1156 2577; baseline -0.002 -22"><span class='ocrx_word' id='word_1_140' title='bbox 119 2490 162 2555; x_wconf 84' lang='lat'><strong>56</strong></span> <span class='ocrx_word' id='word_1_141' title='bbox 179 2489 269 2577; x_wconf 86' lang='lat' dir='ltr'><strong>(le.</strong></span> <span class='ocrx_word' id='word_1_142' title='bbox 287 2489 360 2571; x_wconf 89' lang='grc'><strong>231,</strong></span> <span class='ocrx_word' id='word_1_143' title='bbox 377 2488 420 2554; x_wconf 89' lang='grc'><strong>24</strong></span> <span class='ocrx_word' id='word_1_144' title='bbox 436 2508 481 2572; x_wconf 89' lang='lat' dir='ltr'><strong>sq.</strong></span> <span class='ocrx_word' id='word_1_145' title='bbox 498 2489 570 2574; x_wconf 90' lang='lat' dir='ltr'><strong>H.):</strong></span> <span class='ocrx_word' id='word_1_146' title='bbox 589 2490 703 2575; x_wconf 80' lang='lat' dir='ltr'><strong>„Teste</strong></span> <span class='ocrx_word' id='word_1_147' title='bbox 727 2489 960 2572; x_wconf 89' lang='lat' dir='ltr'><strong>sapientissimo</strong></span> <span class='ocrx_word' id='word_1_148' title='bbox 982 2489 1107 2554; x_wconf 93' lang='lat' dir='ltr'><strong>domino</strong></span> <span class='ocrx_word' id='word_1_149' title='bbox 1124 2493 1156 2554; x_wconf 90' lang='lat' dir='ltr'><strong>et</strong></span> 
     </span>
     <span class='ocr_line' id='line_1_20' title="bbox 120 2601 1154 2692; baseline -0.001 -25"><span class='ocrx_word' id='word_1_150' title='bbox 120 2605 245 2672; x_wconf 91' lang='lat' dir='ltr'><strong>doctore</strong></span> <span class='ocrx_word' id='word_1_151' title='bbox 260 2623 330 2668; x_wconf 91' lang='lat' dir='ltr'><strong>meo</strong></span> <span class='ocrx_word' id='word_1_152' title='bbox 346 2601 555 2685; x_wconf 84' lang='lat' dir='ltr'><strong>Theotisto“].</strong></span> <span class='ocrx_word' id='word_1_153' title='bbox 574 2602 781 2683; x_wconf 84' lang='lat' dir='ltr'><strong>Theotistum,</strong></span> <span class='ocrx_word' id='word_1_154' title='bbox 798 2605 1033 2692; x_wconf 65' lang='lat' dir='ltr'><strong>praeceptorem</strong></span> <span class='ocrx_word' id='word_1_155' title='bbox 1041 2603 1154 2668; x_wconf 91' lang='lat' dir='ltr'><strong>Prisci·</strong></span> 
     </span>
     <span class='ocr_line' id='line_1_21' title="bbox 120 2713 1153 2800; baseline -0.002 -18"><span class='ocrx_word' id='word_1_156' title='bbox 120 2717 181 2798; x_wconf 92' lang='lat' dir='ltr'><strong>ani,</strong></span> <span class='ocrx_word' id='word_1_157' title='bbox 198 2720 282 2782; x_wconf 87' lang='grc'><strong>11111</strong></span> <span class='ocrx_word' id='word_1_158' title='bbox 293 2716 538 2800; x_wconf 89' lang='lat' dir='ltr'><strong>grammaticum</strong></span> <span class='ocrx_word' id='word_1_159' title='bbox 549 2716 647 2780; x_wconf 87' lang='lat' dir='ltr'><strong>fuisse</strong></span> <span class='ocrx_word' id='word_1_160' title='bbox 659 2715 798 2780; x_wconf 82' lang='lat' dir='ltr'><strong>affirmat</strong></span> <span class='ocrx_word' id='word_1_161' title='bbox 809 2713 1023 2780; x_wconf 81' lang='lat' dir='ltr'><strong>Cassiodorius</strong></span> <span class='ocrx_word' id='word_1_162' title='bbox 1033 2716 1153 2799; x_wconf 90' lang='lat' dir='ltr'><strong>[Divin.</strong></span> 
     </span>
     <span class='ocr_line' id='line_1_22' title="bbox 118 2829 1153 2915; baseline -0.001 -19"><span class='ocrx_word' id='word_1_163' title='bbox 118 2833 190 2896; x_wconf 93' lang='lat' dir='ltr'><strong>leot.</strong></span> <span class='ocrx_word' id='word_1_164' title='bbox 203 2830 262 2894; x_wconf 89' lang='lat'><strong>30:</strong></span> <span class='ocrx_word' id='word_1_165' title='bbox 278 2830 515 2915; x_wconf 69' lang='lat' dir='ltr'><strong>„theoctistum</strong></span> <span class='ocrx_word' id='word_1_166' title='bbox 528 2848 650 2911; x_wconf 91' lang='lat' dir='ltr'><strong>quoque</strong></span> <span class='ocrx_word' id='word_1_167' title='bbox 662 2829 768 2910; x_wconf 90' lang='lat' dir='ltr'><strong>aliqua</strong></span> <span class='ocrx_word' id='word_1_168' title='bbox 780 2829 818 2892; x_wconf 94' lang='lat' dir='ltr'><strong>de</strong></span> <span class='ocrx_word' id='word_1_169' title='bbox 830 2829 888 2893; x_wconf 89' lang='lat' dir='ltr'><strong>tali</strong></span> <span class='ocrx_word' id='word_1_170' title='bbox 900 2831 966 2894; x_wconf 89' lang='grc'><strong>1111</strong></span> <span class='ocrx_word' id='word_1_171' title='bbox 983 2836 1038 2912; x_wconf 80' lang='lat' dir='ltr'><strong>(sc.</strong></span> <span class='ocrx_word' id='word_1_172' title='bbox 1053 2831 1153 2895; x_wconf 94' lang='lat' dir='ltr'><strong>ortho-</strong></span> 
     </span>
     <span class='ocr_line' id='line_1_23' title="bbox 118 2938 772 3027; baseline -0.003 -19"><span class='ocrx_word' id='word_1_173' title='bbox 118 2943 262 3027; x_wconf 81' lang='lat' dir='ltr'><strong>graphia)</strong></span> <span class='ocrx_word' id='word_1_174' title='bbox 278 2942 500 3026; x_wconf 88' lang='lat' dir='ltr'><strong>conscripsisse</strong></span> <span class='ocrx_word' id='word_1_175' title='bbox 516 2938 772 3026; x_wconf 87' lang='lat' dir='ltr'><strong>comperimus“].</strong></span> 
     </span>
    </p>
   </div>
   <div class='ocr_carea' id='block_1_7' title="bbox 116 3055 1158 4161">
    <p class='ocr_par' dir='ltr' id='par_1_9' title="bbox 116 3055 1158 4161">
     <span class='ocr_line' id='line_1_24' title="bbox 205 3055 1154 3138; baseline -0.001 -17"><span class='ocrx_word' id='word_1_176' title='bbox 205 3057 266 3122; x_wconf 82' lang='lat' dir='ltr'><strong>llic</strong></span> <span class='ocrx_word' id='word_1_177' title='bbox 282 3055 464 3121; x_wconf 80' lang='lat' dir='ltr'><strong>Theotistus</strong></span> <span class='ocrx_word' id='word_1_178' title='bbox 481 3074 554 3138; x_wconf 87' lang='lat' dir='ltr'><strong>ergo</strong></span> <span class='ocrx_word' id='word_1_179' title='bbox 571 3058 702 3120; x_wconf 90' lang='lat' dir='ltr'><strong>exeunte</strong></span> <span class='ocrx_word' id='word_1_180' title='bbox 719 3055 842 3119; x_wconf 90' lang='lat' dir='ltr'><strong>saeculo</strong></span> <span class='ocrx_word' id='word_1_181' title='bbox 859 3055 967 3136; x_wconf 91' lang='lat' dir='ltr'><strong>quinto</strong></span> <span class='ocrx_word' id='word_1_182' title='bbox 983 3055 1069 3137; x_wconf 86' lang='grc'><strong>11111,</strong></span> <span class='ocrx_word' id='word_1_183' title='bbox 1092 3074 1154 3138; x_wconf 91' lang='lat' dir='ltr'><strong>qua</strong></span> 
     </span>
     <span class='ocr_line' id='line_1_25' title="bbox 119 3167 1153 3252; baseline -0.005 -18"><span class='ocrx_word' id='word_1_184' title='bbox 119 3189 155 3234; x_wconf 90' lang='lat' dir='ltr'><strong>ex</strong></span> <span class='ocrx_word' id='word_1_185' title='bbox 177 3189 211 3234; x_wconf 93' lang='lat' dir='ltr'><strong>re</strong></span> <span class='ocrx_word' id='word_1_186' title='bbox 232 3169 379 3235; x_wconf 89' lang='lat' dir='ltr'><strong>Kellerus</strong></span> <span class='ocrx_word' id='word_1_187' title='bbox 403 3167 464 3234; x_wconf 89' lang='lat' dir='ltr'><strong>sihi</strong></span> <span class='ocrx_word' id='word_1_188' title='bbox 487 3169 736 3234; x_wconf 90' lang='lat' dir='ltr'><strong>concludendum</strong></span> <span class='ocrx_word' id='word_1_189' title='bbox 758 3167 883 3252; x_wconf 87' lang='lat' dir='ltr'><strong>putauit</strong></span> <span class='ocrx_word' id='word_1_190' title='bbox 904 3168 1153 3233; x_wconf 73' lang='lat' dir='ltr'><strong>recensioneml&#39;</strong></span> 
     </span>
     <span class='ocr_line' id='line_1_26' title="bbox 118 3279 1151 3364; baseline -0.004 -16"><span class='ocrx_word' id='word_1_191' title='bbox 118 3303 180 3349; x_wconf 90' lang='lat' dir='ltr'><strong>non</strong></span> <span class='ocrx_word' id='word_1_192' title='bbox 200 3285 274 3347; x_wconf 85' lang='lat' dir='ltr'><strong>ante</strong></span> <span class='ocrx_word' id='word_1_193' title='bbox 294 3283 371 3347; x_wconf 91' lang='lat' dir='ltr'><strong>haec</strong></span> <span class='ocrx_word' id='word_1_194' title='bbox 386 3285 528 3364; x_wconf 86' lang='lat' dir='ltr'><strong>tempora</strong></span> <span class='ocrx_word' id='word_1_195' title='bbox 544 3284 683 3346; x_wconf 90' lang='lat' dir='ltr'><strong>exortam</strong></span> <span class='ocrx_word' id='word_1_196' title='bbox 699 3301 777 3346; x_wconf 87' lang='lat' dir='ltr'><strong>esse.</strong></span> <span class='ocrx_word' id='word_1_197' title='bbox 809 3279 854 3346; x_wconf 88' lang='lat' dir='ltr'><strong>At</strong></span> <span class='ocrx_word' id='word_1_198' title='bbox 877 3299 951 3347; x_wconf 85' lang='lat' dir='ltr'><strong>cave</strong></span> <span class='ocrx_word' id='word_1_199' title='bbox 974 3281 1151 3362; x_wconf 87' lang='lat' dir='ltr'><strong>credideris,</strong></span> 
     </span>
     <span class='ocr_line' id='line_1_27' title="bbox 117 3393 1153 3479; baseline -0.004 -17"><span class='ocrx_word' id='word_1_200' title='bbox 117 3398 195 3462; x_wconf 88' lang='lat' dir='ltr'><strong>hacc</strong></span> <span class='ocrx_word' id='word_1_201' title='bbox 215 3397 287 3461; x_wconf 91' lang='lat' dir='ltr'><strong>inde</strong></span> <span class='ocrx_word' id='word_1_202' title='bbox 308 3395 413 3478; x_wconf 84' lang='lat' dir='ltr'><strong>colligi</strong></span> <span class='ocrx_word' id='word_1_203' title='bbox 432 3413 533 3479; x_wconf 91' lang='lat' dir='ltr'><strong>posse.</strong></span> <span class='ocrx_word' id='word_1_204' title='bbox 564 3394 667 3460; x_wconf 90' lang='lat' dir='ltr'><strong>Aliter</strong></span> <span class='ocrx_word' id='word_1_205' title='bbox 686 3395 800 3476; x_wconf 90' lang='lat' dir='ltr'><strong>hercle,</strong></span> <span class='ocrx_word' id='word_1_206' title='bbox 823 3393 919 3460; x_wconf 85' lang='lat' dir='ltr'><strong>uerba</strong></span> <span class='ocrx_word' id='word_1_207' title='bbox 939 3395 966 3460; x_wconf 91' lang='lat' dir='ltr'><strong>si</strong></span> <span class='ocrx_word' id='word_1_208' title='bbox 986 3394 1153 3477; x_wconf 83' lang='lat' dir='ltr'><strong>diligenter</strong></span> 
     </span>
     <span class='ocr_line' id='line_1_28' title="bbox 119 3507 1151 3589; baseline -0.003 -14"><span class='ocrx_word' id='word_1_209' title='bbox 119 3509 357 3589; x_wconf 83' lang='lat' dir='ltr'><strong>excesserimus,</strong></span> <span class='ocrx_word' id='word_1_210' title='bbox 375 3509 413 3573; x_wconf 93' lang='lat' dir='ltr'><strong>de</strong></span> <span class='ocrx_word' id='word_1_211' title='bbox 428 3508 468 3573; x_wconf 89' lang='lat' dir='ltr'><strong>iis</strong></span> <span class='ocrx_word' id='word_1_212' title='bbox 484 3510 670 3578; x_wconf 87' lang='lat' dir='ltr'><strong>statuemus.</strong></span> <span class='ocrx_word' id='word_1_213' title='bbox 692 3509 775 3574; x_wconf 81' lang='lat' dir='ltr'><strong>illud</strong></span> <span class='ocrx_word' id='word_1_214' title='bbox 791 3507 875 3573; x_wconf 89' lang='lat' dir='ltr'><strong>enim</strong></span> <span class='ocrx_word' id='word_1_215' title='bbox 891 3508 1029 3574; x_wconf 85' lang='lat' dir='ltr'><strong>scholion</strong></span> <span class='ocrx_word' id='word_1_216' title='bbox 1044 3526 1151 3572; x_wconf 92' lang='lat' dir='ltr'><strong>recen-</strong></span> 
     </span>
     <span class='ocr_line' id='line_1_29' title="bbox 119 3619 1150 3707; baseline -0.003 -19"><span class='ocrx_word' id='word_1_217' title='bbox 119 3623 215 3688; x_wconf 89' lang='lat' dir='ltr'><strong>sionis</strong></span> <span class='ocrx_word' id='word_1_218' title='bbox 232 3625 252 3684; x_wconf 90' lang='grc' dir='ltr'><strong>Γ</strong></span> <span class='ocrx_word' id='word_1_219' title='bbox 266 3623 455 3705; x_wconf 85' lang='lat' dir='ltr'><strong>perfectum:</strong></span> <span class='ocrx_word' id='word_1_220' title='bbox 475 3620 609 3706; x_wconf 87' lang='lat' dir='ltr'><strong>„dixit“</strong></span> <span class='ocrx_word' id='word_1_221' title='bbox 627 3622 737 3686; x_wconf 84' lang='lat' dir='ltr'><strong>afferre</strong></span> <span class='ocrx_word' id='word_1_222' title='bbox 753 3640 874 3688; x_wconf 84' lang='lat' dir='ltr'><strong>moneo.</strong></span> <span class='ocrx_word' id='word_1_223' title='bbox 900 3620 1006 3707; x_wconf 78' lang='lat' dir='ltr'><strong>,Quae</strong></span> <span class='ocrx_word' id='word_1_224' title='bbox 1021 3619 1150 3686; x_wconf 85' lang='lat' dir='ltr'><strong>Atbaris</strong></span> 
     </span>
     <span class='ocr_line' id='line_1_30' title="bbox 117 3733 1152 3817; baseline -0.003 -15"><span class='ocrx_word' id='word_1_225' title='bbox 117 3737 232 3802; x_wconf 89' lang='lat' dir='ltr'><strong>dicitur</strong></span> <span class='ocrx_word' id='word_1_226' title='bbox 257 3735 430 3817; x_wconf 77' lang='lat' dir='ltr'><strong>hodieque“</strong></span> <span class='ocrx_word' id='word_1_227' title='bbox 460 3753 531 3800; x_wconf 90' lang='lat' dir='ltr'><strong>mea</strong></span> <span class='ocrx_word' id='word_1_228' title='bbox 562 3735 687 3816; x_wconf 91' lang='lat' dir='ltr'><strong>quidem</strong></span> <span class='ocrx_word' id='word_1_229' title='bbox 719 3735 876 3800; x_wconf 89' lang='lat' dir='ltr'><strong>sententia</strong></span> <span class='ocrx_word' id='word_1_230' title='bbox 899 3733 1054 3800; x_wconf 81' lang='lat' dir='ltr'><strong>Theotisti</strong></span> <span class='ocrx_word' id='word_1_231' title='bbox 1076 3738 1152 3799; x_wconf 86' lang='lat' dir='ltr'><strong>sunt</strong></span> 
     </span>
     <span class='ocr_line' id='line_1_31' title="bbox 116 3846 1158 3933; baseline -0.003 -17"><span class='ocrx_word' id='word_1_232' title='bbox 116 3848 212 3916; x_wconf 86' lang='lat' dir='ltr'><strong>uerba</strong></span> <span class='ocrx_word' id='word_1_233' title='bbox 227 3852 259 3913; x_wconf 89' lang='lat' dir='ltr'><strong>et</strong></span> <span class='ocrx_word' id='word_1_234' title='bbox 276 3846 468 3933; x_wconf 82' lang='lat' dir='ltr'><strong>„hodieque“</strong></span> <span class='ocrx_word' id='word_1_235' title='bbox 482 3849 629 3914; x_wconf 87' lang='lat' dir='ltr'><strong>videlicet</strong></span> <span class='ocrx_word' id='word_1_236' title='bbox 640 3848 779 3931; x_wconf 90' lang='lat' dir='ltr'><strong>pertinet</strong></span> <span class='ocrx_word' id='word_1_237' title='bbox 790 3849 829 3912; x_wconf 90' lang='lat' dir='ltr'><strong>ad</strong></span> <span class='ocrx_word' id='word_1_238' title='bbox 842 3848 998 3914; x_wconf 80' lang='lat' dir='ltr'><strong>Theotisti</strong></span> <span class='ocrx_word' id='word_1_239' title='bbox 1013 3849 1158 3931; x_wconf 83' lang='lat' dir='ltr'><strong>tempus,</strong></span> 
     </span>
     <span class='ocr_line' id='line_1_32' title="bbox 116 3961 1149 4056; baseline 0.001 -28"><span class='ocrx_word' id='word_1_240' title='bbox 116 3982 178 4028; x_wconf 91' lang='lat' dir='ltr'><strong>non</strong></span> <span class='ocrx_word' id='word_1_241' title='bbox 194 3963 381 4028; x_wconf 85' lang='lat' dir='ltr'><strong>scholiastae</strong></span> <span class='ocrx_word' id='word_1_242' title='bbox 394 3963 414 4022; x_wconf 88' lang='grc' dir='ltr'>Γ</span> <span class='ocrx_word' id='word_1_243' title='bbox 426 3962 535 4046; x_wconf 89' lang='lat' dir='ltr'><strong>ipsius.</strong></span> <span class='ocrx_word' id='word_1_244' title='bbox 563 3961 669 4028; x_wconf 85' lang='lat' dir='ltr'><strong>llerba</strong></span> <span class='ocrx_word' id='word_1_245' title='bbox 684 3962 839 4056; x_wconf 83' lang='lat' dir='ltr'><strong>Theotisti</strong></span> <span class='ocrx_word' id='word_1_246' title='bbox 855 3964 963 4046; x_wconf 89' lang='lat' dir='ltr'><strong>aperte</strong></span> <span class='ocrx_word' id='word_1_247' title='bbox 981 3961 1032 4027; x_wconf 94' lang='lat' dir='ltr'><strong>hic</strong></span> <span class='ocrx_word' id='word_1_248' title='bbox 1047 3964 1149 4045; x_wconf 89' lang='lat' dir='ltr'><strong>profe-</strong></span> 
     </span>
     <span class='ocr_line' id='line_1_33' title="bbox 116 4075 1149 4161; baseline 0.003 -20"><span class='ocrx_word' id='word_1_249' title='bbox 116 4078 259 4144; x_wconf 86' lang='lat' dir='ltr'><strong>runtura</strong></span> <span class='ocrx_word' id='word_1_250' title='bbox 275 4075 453 4157; x_wconf 87' lang='lat' dir='ltr'><strong>scholiasta,</strong></span> <span class='ocrx_word' id='word_1_251' title='bbox 470 4079 507 4141; x_wconf 89' lang='lat' dir='ltr'><strong>ut</strong></span> <span class='ocrx_word' id='word_1_252' title='bbox 522 4077 641 4143; x_wconf 89' lang='lat' dir='ltr'><strong>centies</strong></span> <span class='ocrx_word' id='word_1_253' title='bbox 657 4077 789 4161; x_wconf 88' lang='lat' dir='ltr'><strong>Vergilii</strong></span> <span class='ocrx_word' id='word_1_254' title='bbox 804 4077 854 4142; x_wconf 86' lang='lat' dir='ltr'><strong>rol</strong></span> <span class='ocrx_word' id='word_1_255' title='bbox 869 4076 1007 4142; x_wconf 83' lang='lat' dir='ltr'><strong>Terentii</strong></span> <span class='ocrx_word' id='word_1_256' title='bbox 1023 4079 1149 4144; x_wconf 90' lang='lat' dir='ltr'><strong>senten·</strong></span> 
     </span>
    </p>
   </div>
   <div class='ocr_carea' id='block_1_8' title="bbox 0 0 1496 4982">
    <p class='ocr_par' dir='ltr' id='par_1_10' title="bbox 0 0 1496 4982">
     <span class='ocr_line' id='line_1_34' title="bbox 0 0 1496 4982; baseline 0 3"><span class='ocrx_word' id='word_1_257' title='bbox 0 0 1496 4982; x_wconf 95' lang='lat' dir='ltr'><strong> </strong></span> 
     </span>
    </p>
   </div>
  </div>
 </body>
</html>
