2984 4982
249 397 300 459 Du
315 416 425 461 snmus
440 419 785 468 rsuunlenoumuonuu
802 420 908 464 senon.
925 422 1055 465 neonus.
1126 401 1169 464 45

135 585 185 651 19.
203 587 438 672 preeuntotio
455 589 550 654 schol.
569 589 655 673 epod.
673 588 702 671 5,
722 589 762 654 16
778 613 830 672 νγ.
1050 649 1055 662 .

260 701 496 784 [Proeantus
522 702 637 767 Charta
661 703 685 767 Ι.
703 703 847 768 Rabbodi
865 705 1008 788 Episcop.
1024 707 1166 772 Noviom.

310 833 336 880 6.
356 815 437 879 1088
462 836 498 880 en
521 815 660 880 Chartul.
678 816 707 881 S.
724 818 833 882 Vine:
861 818 1068 901 „Presbyter
1084 871 1091 884 .
1106 871 1112 884 .
1130 821 1167 884 de

311 928 435 994 abbatis
460 981 516 994 ...
542 933 727 1012 prouentum
751 929 914 1013 aeoipiat“.
940 931 1004 1014 (Du
1021 931 1168 1016 OangeV

309 1040 414 1126 459.)]
1109 1051 1115 1062 ”

132 1180 183 1244 20.
202 1181 394 1263 querelose
411 1182 506 1246 sohel.
524 1182 610 1264 epod.
631 1183 657 1264 1,
678 1183 693 1244 1
711 1205 764 1263 νγ.

259 1293 514 1375 [Querelosus
539 1296 701 1360 Ferreolus
725 1297 758 1360 in
781 1296 902 1378 Regula
918 1315 944 1360 e.
963 1295 991 1361 7.
1015 1296 1167 1362 Adelmns

310 1410 347 1474 de
370 1410 560 1493 virginitate
584 1429 609 1474 e.
633 1408 664 1474 4.
696 1409 887 1474 Flodoardus
912 1411 995 1475 Hist.
1020 1411 1166 1477 Remens,

308 1523 340 1586 H
356 1521 385 1586 3.
403 1523 467 1607 (Du
484 1521 588 1605 Gange
604 1523 633 1587 V
648 1521 753 1606 557.)]

130 1656 181 1720 21.
199 1653 426 1738 rependulus
441 1654 536 1736 gloss.
553 1673 645 1718 serm.
662 1652 739 1732 114,
757 1651 800 1715 34
815 1675 860 1733 νγ
877 1653 1090 1738 „pectinibus]
1107 1657 1167 1721 Re-

359 1765 536 1849 pendulis“.

257 1880 392 1962 (Demin.
410 1877 428 1943 6
446 1879 678 1964 „repandus“?)

130 2011 181 2076 22.
199 2011 444 2078 subeuteneus
466 2012 561 2094 gloss.
586 2029 680 2075 earm.
705 2010 737 2074 ΙΙ
761 2010 790 2090 2,
819 2009 857 2072 13
882 2009 967 2090 1γο
995 2012 1164 2094 „hydrosz

308 2115 527 2190 Subeutaneus
543 2122 702 2188 morbus“.

258 2237 332 2321 (Qui
348 2237 407 2302 sub
424 2240 495 2301 oute
512 2237 583 2320 est.)

218 2403 278 2468 Hie
291 2405 351 2468 due
363 2401 458 2469 verbe
471 2402 689 2485 subiungenda
699 2421 826 2467 censeo:
844 2401 894 2466 23.
909 2402 1042 2469 novate
1056 2403 1165 2486 (sohel.
1251 2486 1253 2488 Ι

132 2537 224 2582 serm.
241 2516 273 2581 ΙΙ
289 2516 317 2597 6,
334 2515 376 2580 36
391 2538 410 2578 r
408 2515 437 2602 f
440 2517 471 2598 γ)
498 2515 643 2599 „Seribae
664 2519 695 2580 et
711 2518 842 2581 novatae
859 2567 866 2580 .
881 2566 887 2580 .
902 2566 909 2580 .
926 2518 1067 2598 novatae,
1093 2517 1166 2597 quie

132 2633 325 2698 novaverunt
337 2629 509 2696 debitum“.
527 2629 716 2694 Scholiastes
730 2647 804 2694 sane
819 2630 870 2693 hie
889 2627 1059 2713 „novatae“
1078 2648 1166 2692 men-

132 2745 206 2810 dose
222 2745 254 2809 in
270 2745 417 2808 carminis
435 2745 583 2808 oontentu
598 2761 653 2825 pre
672 2761 771 2828 „nova
786 2742 837 2806 te“
854 2741 982 2817 habuit3
1003 2741 1054 2806 24.
1071 2741 1166 2808 leva·

134 2858 198 2926 tor
213 2859 264 2923 vel
280 2857 433 2937 lavator,
460 2873 539 2938 quae
555 2875 613 2921 vex
627 2857 717 2922 valde
738 2856 833 2920 dubia
849 2857 904 2919 est‘
924 2855 1032 2940 (sohel.
1046 2855 1136 2939 epist.
1152 2854 1169 2918 Ι

134 2971 183 3051 16,
208 2971 251 3034 60
272 2970 353 3056 rfn)
384 2972 545 3054 „Lauerna
567 2970 600 3034 in
623 2969 674 3034 vio
697 2969 815 3034 Salaria
838 2970 945 3033 luteum
968 2967 1073 3033 habet.
1107 2968 1165 3032 Est

132 3087 239 3150 autem
255 3084 313 3149 dee
327 3085 434 3148 furum
451 3087 482 3148 et
498 3083 702 3148 simulacrum
718 3083 784 3147 eius
801 3083 885 3147 fures
902 3084 1018 3163 colunt,
1037 3084 1091 3146 eut
1112 3081 1166 3162 qui

133 3198 263 3263 consilia
280 3216 336 3262 sua
352 3198 462 3262 volunt
477 3187 594 3272 tacite}
608 3197 692 3261 dieta
704 3214 723 3259 6
734 3197 880 3270 161666ος
894 3214 967 3259 nem
983 3195 1069 3259 fures
1081 3195 1166 3259 lava-

132 3318 215 3376 tores
233 3311 409 3375 dieuntur“.
442 3308 720 3399 (1161661111639.
737 3310 790 3372 Du
806 3307 912 3390 Gange
927 3308 973 3372 IV
984 3306 1036 3372 41.
1056 3307 1165 3372 Hilde-

132 3422 233 3488 brand
247 3445 277 3507 p.
298 3423 367 3488 186.
385 3427 448 3489 not.
465 3423 495 3488 4.
512 3421 557 3506 5.)

574 3672 726 3680 ......—...—

218 3852 287 3919 Iam
302 3871 383 3932 vere,
401 3873 440 3918 ne
452 3852 612 3917 molestior
627 3851 701 3914 fiam
724 3851 851 3934 legenti,
869 3867 1027 3914 summum
1047 3866 1162 3929 eorum,

133 3985 241 4048 quase
264 3967 475 4048 disputatione
491 3968 598 4030 nestra
613 3964 780 4030 manifeste
797 3963 965 4042 evenerint,
989 3962 1040 4026 hie
1055 3962 1163 4044 paneis

132 4084 289 4164 repetam:
