2984 4982
254 399 304 462 Du
319 422 430 464 narnus
446 422 793 466 rsunuacnonruuonon
809 424 915 466 senon.
932 425 1060 468 anesus.
1130 403 1172 467 35

227 589 287 655 Sed
306 593 338 654 et
361 592 451 655 valde
474 592 668 657 necessariae
687 612 778 658 voces
798 594 831 657 in
847 594 1088 659 scholiastarum
1104 615 1175 660 sen·

139 704 247 768 tentiis
264 705 488 770 desiderantur.
506 705 735 789 Saepenumero
757 726 848 774 13333
873 727 972 793 „sum
997 711 1053 789 331,
1079 707 1172 774 sunt“

140 818 262 899 desunt,
277 820 359 901 qnod
372 819 498 901 quidem
511 819 608 884 etiam
620 820 809 903 optimorum
822 824 996 905 temporum
1008 823 1174 905 scriptores

138 934 298 1013 praestare
314 952 405 998 nemo
421 934 530 998 nescit.
563 934 692 998 Maioris
707 934 771 997 iarn
787 935 940 999 momenti
960 939 1016 1015 ost,
1041 937 1068 1000 si
1083 955 1174 1001 voces

141 1045 272 1128 „magis
290 1046 434 1128 amplius,
450 1045 621 1110 libentius“
640 1051 712 1111 ante
725 1048 971 1130 comparativam
986 1049 1174 1130 particulam

141 1157 276 1242 „quam“
293 1159 416 1223 desunt.
447 1159 553 1223 Elam
568 1161 627 1223 hac
649 1161 683 1224 in
705 1181 737 1224 re
761 1161 957 1225 recensiones
981 1161 1063 1227 inter
1079 1182 1112 1227 se
1128 1163 1175 1226 di-

139 1274 242 1347 stant3
259 1272 291 1335 in
306 1271 540 1337 recensionibns
556 1270 615 1334 Ar
632 1277 706 1337 sunt
721 1274 902 1338 huiusmodi
918 1275 1052 1340 scholia:
1078 1294 1172 1339 earm.

138 1384 187 1448 ΠΙ
202 1383 231 1466 3,
249 1384 291 1448 10
308 1383 453 1469 (Ατγθ)
480 1387 601 1471 „Fortis
619 1387 742 1451 animus
760 1407 905 1470 spernere
921 1389 1015 1454 debet
1031 1407 1125 1470 quam
1141 1389 1174 1453 in

138 1517 214 1562 usus
231 1497 381 1581 cogere“;
406 1499 501 1564 schol.
520 1519 613 1564 serm.
631 1500 647 1563 Ι
663 1499 691 1581 6,
711 1499 752 1562 19
769 1498 884 1585 (resp)
903 1502 987 1586 „Nos
1003 1522 1106 1567 nonne
1122 1503 1175 1566 de-

138 1610 249 1675 bemus
265 1613 413 1677 honorem
428 1612 622 1677 merentibus
639 1631 734 1694 quam
749 1611 939 1678 nobilibus“.
975 1616 1064 1679 Talia
1078 1617 1112 1680 in
1126 1635 1175 1681 re-

138 1727 283 1790 censione
298 1748 343 1806 1γ
357 1744 419 1790 non
434 1727 648 1792 inueniuntur.
680 1725 803 1792 Summi
818 1746 890 1792 vero
905 1730 981 1809 puto
997 1728 1090 1810 pretii
1105 1729 1175 1810 plu-

138 1840 234 1904 rimos
258 1840 323 1904 fere
350 1841 446 1904 trium
472 1839 690 1904 recensionum
720 1841 813 1921 locos,
850 1840 963 1922 quibus
990 1843 1175 1924 pronomina

138 1954 336 2034 omittuntur,
365 1972 444 2036 quae
468 1953 610 2018 subiecta
633 1955 806 2020 accusativi
832 1974 905 2018 oum
927 1954 1082 2020 infinitivo
1106 1974 1174 2020 esse

138 2066 303 2131 debebant.
335 2067 505 2149 Praecipue
529 2085 621 2131 voces
647 2086 709 2152 ,33
734 2065 806 2131 eos“
832 2067 1015 2150 saepissime
1039 2071 1174 2150 praeter-

138 2181 318 2260 mittuntur,
344 2199 406 2263 qua
429 2181 466 2244 de
483 2199 578 2244 causa
594 2199 686 2262 saepe
702 2181 777 2262 quid
793 2181 936 2264 intellegi
951 2180 1027 2245 velit
1043 2181 1175 2264 scriptor

139 2311 251 2376 parum
266 2295 349 2358 31313
365 2297 503 2376 apparet.

224 2406 344 2472 Auctor
358 2407 548 2472 recensionis
565 2404 594 2467 A
611 2409 643 2470 et
657 2425 758 2489 genus
775 2408 806 2470 et
821 2425 989 2470 numerum
1001 2405 1174 2472 substanti-

136 2540 247 2586 vorum
261 2521 381 2585 variare
396 2521 484 2601 solet,
517 2521 593 2584 adeo
616 2523 652 2583 ut
673 2521 767 2583 multi
789 2539 906 2584 errores
927 2539 964 2582 ex
979 2520 1038 2583 hac
1053 2540 1086 2584 13
1103 2539 1174 2587 313-

137 2635 243 2698 serint.
275 2632 336 2700 Sed
351 2653 420 2699 1313
436 2637 562 2698 tantum
580 2634 734 2698 eiusmodi
754 2652 871 2698 errores
892 2633 925 2697 in
940 2634 1174 2700 recensionibus

136 2751 211 2812 lot
234 2770 278 2827 νγ
300 2748 511 2827 13131133111,
542 2748 650 2830 quales
667 2750 758 2811 sunt:
784 2747 879 2818 schol.
898 2765 993 2810 carm.
1018 2748 1033 2811 I
1059 2746 1107 2828 12,
1133 2747 1175 2810 24

104 2869 109 2882 ·
138 2858 268 2943 (Aroe)
294 2860 493 2946 „Apollinem
509 2861 626 2944 sagitta
646 2861 860 2941 metuendum,
883 2859 996 2942 quibus
1014 2860 1174 2944 Amphion

136 2976 317 3057 peremptus
331 2974 413 3050 est“;
431 2975 526 3040 schol.
544 2993 639 3038 carm.
657 2975 706 3038 HI
724 2975 750 3054 1,
761 2973 941 3059 amaros)
960 2974 1126 3061 „dedentis
1144 2978 1176 3038 et

137 3088 265 3152 orientis
274 3087 385 3168 Haedi,
399 3106 478 3169 quae
488 3139 494 3152 .
506 3139 512 3152 .
523 3085 551 3152 .“
570 3089 640 3152 alia.
657 3087 930 3153 Ereoensionibus
943 3091 963 3148 Γ
977 3089 1008 3152 31
1023 3111 1064 3168 νγ
1079 3089 1174 3152 adno-

137 3202 286 3266 taverim:
311 3202 406 3265 schol.
427 3221 519 3266 serm.
536 3201 551 3264 I
567 3200 596 3282 8,
611 3201 629 3264 7
644 3200 759 3286 (nofe)
782 3203 894 3286 „Horti
913 3201 1097 3281 Mecenatis,
1120 3201 1175 3265 ubi

138 3318 212 3378 sunt
235 3315 327 3378 modo
351 3314 540 3389 Traianae“;
567 3315 662 3379 schol.
681 3315 770 3396 epist.
788 3314 821 3378 H
839 3317 865 3394 l,
883 3313 925 3376 24
942 3311 1073 3398 (rpr)
1093 3315 1175 3398 „De-

138 3428 276 3507 33131111,
290 3445 364 3491 nam
375 3431 484 3509 postea
497 3427 576 3490 duae
592 3427 716 3490 additae
733 3424 843 3501 sunt“;
861 3427 956 3490 schol.
971 3427 1008 3490 de
1021 3430 1078 3491 art.
1092 3429 1173 3509 poet.

140 3537 201 3602 146
215 3540 246 3623 (1
254 3541 285 3624 γ)
304 3539 385 3625 „Qui
400 3543 449 3604 331
465 3539 611 3604 dictionis
627 3539 759 3622 genus“.

223 3653 330 3744 Longe
345 3653 406 3717 alio
430 3655 559 3735 aspectu
581 3652 703 3730 frueris,
728 3653 755 3716 si
772 3653 925 3734 quomodo
942 3652 1172 3717 sententiarum

138 3767 387 3832 constructiones
402 3767 435 3830 in
451 3766 585 3849 singulis
601 3765 835 3831 recensionibus
851 3767 1011 3831 varientur
1033 3784 1175 3846 perscru-

138 3882 200 3946 tari
214 3881 358 3948 volneris.
385 3881 433 3946 Ne
454 3899 552 3944 unum
565 3879 692 3961 quidem
704 3879 882 3961 exemplum
897 3879 1020 3960 insigne
1036 3897 1052 3941 e
1068 3898 1174 3943 recen-

139 3995 226 4060 sione
238 3994 267 4056 A
279 3995 330 4060 hic
343 3994 451 4058 afferre
463 4012 602 4076 possum,
616 3992 671 4056 sed
683 3992 784 4056 multa
797 4011 813 4055 e
824 3991 1065 4070 recensionem,
1080 4011 1174 4074 quam

138 4101 274 4190 plurima
290 4128 306 4170 e
322 4108 501 4171 recensione
517 4109 546 4170 Γ.
575 4106 713 4187 Quorum
729 4124 885 4187 perpauca
900 4105 950 4168 hio
970 4106 1173 4186 proferamus.

985 4208 1020 4262 3*
