2984 4982
211 1422 268 1536 De
284 1470 487 1555 temporibus,
514 1470 626 1552 quibus
648 1471 765 1535 scholia
784 1473 1051 1554 pseudacroniana
1063 1475 1157 1539 exsti·

121 1587 228 1666 terint,
245 1585 390 1649 Kellerus
414 1585 489 1650 olim
511 1585 545 1648 in
570 1582 737 1669 „Symbola
759 1585 988 1668 philologorum
1010 1588 1156 1652 Bonnen-

121 1698 223 1765 s-ium“
242 1699 339 1783 (Lips.
358 1697 451 1762 1867.
468 1717 539 1782 pag.
556 1697 742 1782 499—502)
763 1699 919 1763 disseruit.
950 1699 996 1763 Ex
1010 1702 1068 1764 hoc
1084 1720 1156 1766 vero

120 1817 261 1896 tempore
285 1813 474 1876 scholiorum
497 1812 622 1876 illorum
637 1813 932 1895 perscrutandorum
947 1814 1050 1878 fontes
1066 1815 1156 1879 valde

120 1925 305 2010 amplificati
320 1929 404 1990 sunt.
429 1926 517 1990 Tunc
536 1926 621 1989 enim
641 1945 713 1990 cum
729 1926 783 1989 alii
797 1925 879 2006 libri,
903 1929 973 1989 tum
988 1927 1121 1991 Parisin.
1138 1949 1156 1986 1

120 2039 243 2123 (9345),
268 2039 322 2121 qui
340 2039 576 2104 accuratissime
599 2039 733 2122 scriptus
758 2039 966 2122 posteriorum
978 2043 1155 2123 temporum

119 2152 376 2235 interpolationes
393 2153 510 2236 optime
526 2151 616 2216 nobis
632 2153 837 2232 demonstrat,
854 2153 981 2234 ignotus
995 2156 1070 2216 erat.
1093 2153 1155 2216 Ita-

120 2285 179 2347 que
196 2285 270 2330 cum
285 2265 412 2330 Kellero
428 2265 506 2329 duas
529 2267 656 2328 tantum
672 2265 861 2330 scholiorum
875 2266 1072 2330 recensiones
1088 2285 1155 2330 exa-

119 2379 240 2444 minare
254 2379 407 2460 licuisset,
431 2377 521 2444 nobis
538 2379 577 2442 ad
593 2378 721 2442 tertiam
738 2397 859 2460 quoque
874 2379 1088 2443 recensionem
1104 2399 1154 2443 eo-

118 2491 645 2575 gnoscendamcod.rpraestofuit.
667 2490 807 2571 Accedit,
825 2492 907 2572 quod
915 2492 966 2556 hic
973 2495 1155 2575 praeceptor

119 2625 207 2670 meus
216 2606 397 2670 carissimus
406 2623 469 2670 non
478 2604 749 2670 dePseudacronis
759 2623 901 2668 sermone
910 2605 1039 2668 effusius
1048 2605 1154 2688 dispu-

118 2721 184 2782 tare
197 2717 258 2782 sibi
269 2720 482 2802 proposuerat,
495 2717 550 2782 sed
562 2737 599 2782 ex
612 2717 807 2800 argumentis
816 2718 1014 2798 scholiorum,
1025 2717 1152 2799 erebus,

119 2849 195 2912 quas
208 2831 325 2911 (11111111,
341 2830 497 2895 historicis
510 2829 727 2914 geographicis
741 2829 907 2912 similibus,
921 2850 957 2894 ex
966 2831 1153 2895 scholiastae

118 2944 216 3026 ipsius
240 2943 395 3008 erroribus
419 2946 510 3008 acute
534 2943 751 3008 conclusiones
774 2961 848 3008 suas
870 2943 996 3008 fecerat.
1036 2943 1153 3009 Omnes

118 3058 259 3141 denique,
283 3057 338 3138 qui
359 3057 669 3140 praestantissimum
689 3057 781 3121 illum
804 3055 931 3139 librum,
955 3056 1154 3141 „symbolam

117 3171 345 3252 philologorum
356 3168 603 3254 Bonnensium“,
619 3171 774 3251 novimus,
787 3171 887 3235 hocin
898 3168 1075 3235 libellorum
1088 3190 1153 3234 cor-

116 3302 198 3366 pore,
215 3287 251 3348 111
266 3285 312 3347 ita
327 3283 439 3364 dicam,
464 3284 608 3366 palmari.
618 3285 751 3367 singulis
767 3284 867 3367 operis
881 3283 972 3348 sociis
985 3284 1152 3347 minimum

116 3397 256 3478 patuisse
279 3397 419 3480 spatium
442 3398 569 3462 scimus
602 3397 669 3478 Quo
692 3399 814 3462 factum
837 3400 894 3478 est,
918 3399 956 3461 ut
976 3416 1015 3460 ne
1036 3397 1073 3460 de
1089 3416 1153 3460 ser-

117 3529 208 3574 mone
225 3511 352 3592 quidem
367 3511 595 3576 Pseudacronis
620 3514 687 3574 tam
711 3511 833 3594 copiose
849 3529 941 3594 agere
956 3511 1062 3594 posset
1077 3509 1153 3572 Kel-

115 3623 207 3703 lerus,
226 3642 322 3705 quam
338 3624 405 3706 ipse
421 3625 571 3689 voluerat.
602 3624 714 3706 Itaque
729 3625 778 3690 vir
793 3623 1014 3688 celeberrimus
1031 3642 1081 3686 me
1096 3622 1152 3685 im-

114 3735 204 3816 pulit,
229 3739 266 3800 ut
290 3737 391 3800 denuo
414 3737 589 3801 accuratius
613 3737 698 3802 illius
722 3737 858 3802 auctoris
884 3754 1061 3800 sermonem
1083 3755 1152 3818 per-

116 3851 280 3929 scrutarer,
299 3849 413 3932 quippe
429 3851 482 3932 qui
499 3852 646 3933 speraret,
671 3851 737 3914 fore
752 3853 789 3948 ut
804 3850 892 3915 novis
908 3849 1008 3930 iisque
1025 3849 1152 3932 optimis

113 3961 253 4027 fontibus
273 3963 404 4026 reclusis
429 3981 509 4028 nova
532 3964 687 4045 quaedam
711 3964 764 4027 1111
787 3963 952 4027 adderetur
976 3963 1153 4043 quaestioni
1198 4049 1199 4052 Ἴ

113 4074 185 4138 huic
198 4075 412 4140 difficillimae.
431 4075 536 4158 Atque
549 4078 688 4160 profecto
699 4077 813 4156 evenit,
824 4079 901 4140 utre
910 4075 1153 4158 diligentissime

983 4180 996 4231 1
