2984 4982
258 397 308 460 DE
320 417 430 459 TRIBUS
442 413 790 459 Psmunacmouruuouum
802 415 908 456 SOHOL.
922 412 1049 455 RECENS,
1143 389 1163 451 9

133 589 306 654 ediderunt.
344 587 534 652 Huiusmodi
556 585 708 652 voeabula
730 586 763 648 iu
785 585 964 648 repensione
980 581 1012 644 A
1026 583 1163 664 quinque

132 703 239 769 inveni
254 721 352 784 eaque
367 702 483 784 partim
499 721 606 766 eorum
622 719 751 764 numero
768 697 972 764 adsoribenda
984 698 1067 779 suut,
1085 714 1164 778 quae

133 835 152 880 a
167 795 344 880 medii'aevi
357 814 560 898 scriptoribus
573 814 755 897 saepissime
766 804 975 897 proferuntur.
998 811 1045 874 Ea
1057 813 1163 875 autem

132 930 236 1010 uerba,
262 947 341 1010 quae
361 929 400 992 ad
415 929 587 1012 posteriora
602 931 743 1011 tempora
758 926 925 1009 pertinent,
942 924 1072 990 effusius
1088 943 1163 988 enu-
1262 981 1267 992 .

132 1042 259 1108 merabo
273 1044 419 1125 loeosque
435 1045 597 1108 auctorum
614 1042 751 1122 afferam,
766 1041 885 1106 soilioet
897 1042 934 1104 ui
944 1039 1035 1103 illum
1046 1037 1164 1103 librum
1238 1035 1241 1040 '

132 1159 209 1221 haee
225 1155 376 1222 voeabuta
396 1157 579 1221 afferentem
603 1157 642 1220 ad
665 1155 836 1238 posteriora
858 1157 1000 1236 tempora
1023 1155 1163 1236 speotare

133 1271 296 1334 efficiatur.
332 1269 470 1350 Quorum
492 1269 657 1334 uerborum
679 1268 830 1333 nonnulla
854 1267 936 1350 apud
960 1266 1062 1348 quinti
1085 1265 1164 1330 sexti

131 1384 339 1466 posteriorum
355 1383 550 1448 saeeulorum
570 1382 736 1465 scriptores
760 1380 951 1463 saepissime,
977 1382 1070 1444 autea
1092 1397 1163 1443 vero

132 1515 305 1578 numquam
325 1497 531 1580 reperiuntur,
556 1499 591 1559 ut
616 1491 781 1580 „grossus“
807 1496 839 1558 01
853 1493 936 1557 iuter
950 1492 1046 1560 uerba
1062 1491 1164 1574 quinti

132 1610 250 1674 saeeuli
267 1608 460 1695 „districtio“
481 1606 735 1694 ‚‚miuisterialis“
753 1608 823 1672 alia.
865 1631 867 1638 ’

158 1723 185 1786 1.
202 1723 433 1808 amphibalus
456 1723 551 1787 sohel.
576 1741 670 1786 earm.
694 1722 743 1785 Hi
768 1720 817 1802 13,
841 1719 862 1783 3
884 1717 969 1802 Ανγ
987 1719 1163 1804 (amphibo-

359 1837 457 1900 lioum
472 1835 514 1920 γ).

257 1950 325 2014 Ηο0
348 1948 536 2015 voeabulum
558 1969 621 2014 nou
645 1949 731 2015 vides
754 1951 942 2032 usurpatum
969 1950 1042 2014 aute
1065 1947 1165 2012 Mar-

308 2063 402 2126 tiau.
425 2060 615 2145 Capellam
636 2061 678 2144 (V
694 2064 720 2145 ᾗ.
737 2061 802 2125 462
817 2061 940 2146 Kopp):
973 2061 1068 2146 „quia
1089 2060 1165 2125 feeit

185 2177 187 2182 '
308 2195 422 2241 nomeu
438 2176 653 2260 amphibolum
677 2173 925 2258 quaestionem“.
964 2175 1046 2239 Tum
1069 2175 1164 2238 etiam

309 2292 412 2354 exstat
427 2290 460 2353 iu
477 2289 602 2372 seriptis
618 2269 716 2354 medii
729 2290 798 2355 aevi
813 2289 941 2372 passim,
965 2291 1002 2352 ut
1024 2288 1058 2352 in
1080 2289 1163 2352 Hist.

310 2403 497 2487 Luitpraudi
512 2403 655 2486 Presbyt.
669 2403 826 2468 Tioiueus.
843 2422 891 2486 ap.
910 2403 1061 2466 Murator.
1081 2402 1116 2466 T.
1133 2401 1165 2464 Π

307 2535 336 2597 p.
353 2513 436 2578 454:
459 2515 560 2600 „mihi
576 2516 703 2597 quidem
718 2516 842 2581 videtur
857 2511 1103 2598 amphibolum.“

233 2625 234 2632 ’
362 2628 503 2711 (Foroell.
520 2629 536 2691 1
554 2627 625 2693 159.
657 2629 709 2693 Du
725 2627 831 2712 Gange
846 2631 862 2693 Ι
877 2628 966 2713 237.)

152 2740 182 2804 2.
202 2757 364 2824 expensa
379 2743 474 2807 sohel.
492 2760 586 2806 earm.
632 2742 714 2823 114,
754 2743 774 2806 6
795 2740 877 2822 Ανγ

413 2906 428 2940 ,,
520 2906 536 2941 ,,
597 2855 646 2920 ΠΙ
661 2855 713 2936 24,
732 2854 773 2918 14
823 2907 838 2942 ,,

522 3021 537 3054 ,,
598 2969 644 3034 IV
682 2969 710 3050 1,
732 2967 772 3031 19
822 3020 837 3054 ,,

257 3079 448 3146 01001100.
471 3081 592 3147 Stilioh.
609 3083 641 3146 ΙΙ
658 3080 737 3146 145:
762 3083 853 3168 „Nou
868 3081 1029 3146 indecores
1046 3083 1165 3146 aeraria

307 3197 429 3260 lassant
444 3193 636 3278 Expeusae.“

359 3309 464 3373 Etiam
479 3309 552 3392 Dig.
568 3310 627 3373 hoo
642 3308 773 3374 uerbum
793 3311 956 3392 praestant
979 3307 1044 3390 (27,
1063 3307 1112 3388 10,
1132 3307 1163 3391 1)

307 3424 340 3484 et
356 3420 579 3501 Cassiodorius
604 3422 736 3505 seriptor
759 3422 839 3486 sexti
862 3422 994 3486 saeculi:
1021 3421 1163 3507 „Exerci-

308 3535 410 3598 tuales
426 3533 609 3618 expensae.“
723 3537 728 3548 ¹

247 3729 249 3734 ,
359 3647 502 3730 OEoroell.
518 3647 638 3713 11230.
656 3649 765 3732 Migne
781 3650 883 3714 LXIX
899 3648 985 3734 598).

149 3758 179 3824 3.
197 3777 347 3841 grossus
363 3761 457 3825 sohel.
475 3761 635 3834 oarmIH
653 3760 702 3842 16,
719 3761 761 3824 35
777 3760 868 3842 Ανγ.

255 3872 393 3956 Sulpio.
410 3873 489 3940 Sev.
506 3874 589 3938 Dial.
609 3872 636 3954 1,
653 3873 705 3955 21,
719 3873 756 3939 4:
776 3877 924 3961 „Vestem
940 3875 1061 3958 respuit
1075 3894 1163 3960 gros-

308 3984 452 4052 siorem.“
483 3985 691 4071 Augustis.
708 3987 762 4053 lib.
780 3993 889 4054 eontra
904 3988 1004 4070 Epist.
1021 3989 1161 4054 Manioh.

306 4115 373 4184 oap.
382 4097 421 4161 21
433 4097 515 4186 (23):
531 4099 583 4189 „Si
592 4101 631 4166 ad
639 4101 702 4167 ista
709 4103 811 4187 grossi
820 4103 916 4168 etiam
925 4105 957 4168 et
965 4104 1047 4168 tardi
1058 4100 1158 4170 sitis.“
