2984 4982
258 413 309 475 Da
320 433 431 476 rursus
442 434 789 476 rsnunaonomnuonuu
805 435 912 476 senon.
924 434 1052 478 nunnus.
1144 413 1164 475 3

130 602 207 668 XVI
223 605 254 666 11
268 603 361 668 XVII
376 603 527 668 editiones
543 605 607 668 sint
621 604 783 668 faciendae
798 605 832 668 in
850 605 1030 686 quaestione
1046 606 1085 668 ad
1101 625 1165 668 ser·

131 734 257 779 monem
269 715 420 779 Latinum
435 717 620 799 pertinente,
639 717 743 781 sciunt
758 718 816 782 uiri
831 717 924 781 docti.
951 718 1094 781 Primum
1110 737 1165 782 no·

131 829 281 893 minanda
296 829 419 894 uidetur
435 830 530 893 editio
545 830 611 908 illa,
627 849 722 911 qnam
733 831 783 894 Fr.
797 831 935 912 Paulyus
951 831 1072 914 Pragae
1084 850 1164 896 anno

133 939 216 1004 1858
233 943 266 1006 in
286 941 407 1007 duobus
422 943 634 1008 voluminibus
650 944 807 1018 institnit;
832 945 886 1008 sed
901 944 1001 1008 editor
1018 945 1069 1008 hio
1088 945 1164 1027 opti-

131 1074 200 1119 mos
216 1055 303 1120 codd.
321 1055 459 1140 nondum
474 1058 612 1136 noverat,
631 1057 738 1138 itaque
753 1056 889 1139 plurima
905 1057 1023 1121 scholia
1038 1058 1162 1138 omissa,

131 1169 194 1232 alia
209 1168 374 1252 permultis
388 1168 543 1233 erroribus
555 1169 720 1250 inquinata
733 1172 816 1233 sunt.
832 1170 863 1234 N
864 1170 1041 1234 otissimam
1053 1171 1164 1235 deinde

131 1285 164 1344 et
178 1281 321 1364 plurimis
337 1282 455 1355 criticis
469 1282 724 1348 adnotationibus
737 1286 881 1347 ornatam
894 1283 1063 1348 editionem
1073 1285 1163 1348 Fero.

130 1395 322 1460 Hauthalius
338 1397 500 1480 praestitit
515 1396 630 1478 (Berol.
646 1395 846 1462 18641866.
863 1395 1001 1482 21111),
1018 1397 1072 1461 sed
1088 1398 1164 1461 haec

130 1508 193 1571 nisi
215 1511 352 1574 maxima
374 1529 447 1574 oum
470 1511 613 1575 cautione
640 1509 818 1574 adhibenda
840 1529 902 1574 non
926 1513 983 1580 ost.
1020 1509 1164 1574 Hautha-

129 1621 192 1686 lius
209 1622 294 1686 enim
310 1623 377 1687 sine
394 1641 488 1687 causa
504 1622 679 1687 sufficiente
694 1623 879 1706 longissime
895 1622 1049 1686 atraditis
1066 1623 1165 1687 disce-

130 1735 207 1799 dens
230 1738 411 1800 contextum
434 1736 549 1818 magno
576 1735 825 1800 coniecturarum
848 1734 1015 1800 dubiarum
1035 1754 1164 1799 numero

130 1851 248 1930 onerat,
272 1850 433 1932 praeterea
453 1848 516 1912 ista
539 1849 599 1914 duo
619 1849 779 1914 volumina
797 1848 974 1913 incredibili
994 1850 1058 1913 fere
1082 1865 1164 1913 erra-

130 1963 234 2025 torum
249 1961 546 2044 typographioorum
560 1961 592 2026 vi
607 1962 723 2026 referta
739 1965 821 2027 sunt.
853 1962 1062 2044 Pereriguam
1077 1961 1164 2025 deni·
1197 1979 1199 1986 ’

131 2092 191 2154 que
217 2075 406 2139 scholiorum
433 2077 556 2158 partem
579 2075 619 2139 ad
642 2094 737 2140 carm.
761 2075 778 2138 I
803 2074 885 2139 1-8
913 2076 1124 2159 pertinentem
1147 2094 1163 2137 e

129 2186 282 2252 Bernensi
305 2189 439 2270 quodam
459 2189 539 2253 libro
560 2187 723 2272 (Beruens.
739 2187 794 2272 21)
810 2187 968 2253 Usenems
983 2189 1017 2251 in
1038 2187 1163 2272 ,Indice

128 2298 314 2364 Lectionum
330 2300 552 2365 Universitatis
568 2301 760 2365 Litterarum
775 2299 964 2366 Beruensis“
981 2318 1062 2364 anno
1081 2297 1163 2362 1863

129 2411 237 2476 edidit.

213 2525 348 2590 Nostrae
360 2526 474 2590 aetatis
488 2526 639 2591 editiones
651 2525 750 2609 igitur
761 2527 884 2609 magnis
892 2526 978 2590 uitiis
990 2525 1162 2604 abundant,

130 2657 261 2721 quorum
272 2639 350 2702 illud
363 2641 412 2704 est
423 2639 604 2720 maximum,
619 2640 701 2720 quod
713 2638 809 2702 trium
820 2640 1038 2704 recensionum
1046 2638 1164 2702 scholia

128 2771 253 2835 prorsus
268 2752 423 2835 permixta
438 2752 521 2816 tradi
536 2752 646 2817 solent.
678 2751 769 2816 Unde
789 2751 932 2832 elucebit,
959 2751 1162 2832 quamobrem

129 2866 166 2928 de
192 2866 304 2930 harum
331 2863 549 2930 recensionum
575 2884 718 2930 sermone
741 2865 904 2948 disputans
931 2865 1001 2929 illos
1028 2865 1161 2929 editores

128 2997 166 3042 ne
181 2997 244 3043 uno
261 2979 388 3060 quidem
402 2979 469 3043 loco
486 2980 584 3044 testes
600 2978 766 3061 proferam.

215 3091 275 3157 Sed
298 3111 338 3155 ne
361 3091 480 3156 diutius
504 3094 697 3170 cunctemur,
722 3091 761 3153 ad
784 3090 839 3154 illu
861 3091 1058 3168 accedamus,
1083 3107 1161 3171 quae

128 3202 219 3268 nobis
235 3205 394 3286 proposita
410 3208 493 3270 sunt.
