2984 4982
325 369 368 434 22
660 367 842 464 chosuous
865 365 1013 430 Kauana,

326 564 393 645 Xp.
405 560 445 626 87
459 561 501 625 du
513 559 621 644 Breul)
637 558 780 642 inveni03
802 560 875 622 ante
890 557 973 622 hunc
990 575 1069 622 saec.
1084 557 1362 640 septsoriptorem

325 693 484 758 nusquam
496 675 529 745 iu
544 673 659 738 litteris
675 674 814 755 apparet.
832 669 972 751 Accedit,
991 671 1073 752 quod
1088 671 1121 734 in
1136 671 1359 752 recensiones,

326 790 358 853 id
371 790 453 871 quod
465 788 555 854 valde
569 786 783 850 adnotandum
796 788 852 867 est,
872 783 1065 871 „comestor“
1082 785 1128 850 ita
1143 785 1308 868 profertur,
1326 788 1363 848 ut

232 887 235 904 '
327 904 361 966 in
377 919 520 968 sermone
536 901 662 983 quidem
678 899 858 980 cottidiano,
880 918 937 963 nec
952 918 1024 966 vero
1040 900 1074 963 In
1088 899 1203 964 litteris
1220 899 1277 963 hoo
1293 919 1363 963 ver-

326 1015 403 1080 bum
419 1018 488 1080 tum
503 1015 536 1078 in
556 1033 615 1078 insu
634 1013 732 1078 fuisse
755 1014 804 1078 uel
827 1013 900 1078 inde
923 1013 1029 1096 colligi
1051 1013 1160 1096 possit.
1203 1013 1240 1076 In
1264 1013 1361 1078 schol.

329 1147 419 1193 serm.
437 1129 453 1192 Ι
470 1128 497 1208 1,
512 1085 648 1210 l'ioodd.
662 1148 702 1187 rr
702 1125 731 1212 f
734 1125 766 1209 γ)
782 1126 971 1194 recensionis
984 1128 1004 1186 Γ
1016 1128 1125 1190 auctor
1142 1123 1361 1212 „balatrones“

329 1241 535 1325 etymologine
558 1240 787 1329 interpretatur!
801 1242 859 1308 hoc
875 1241 980 1305 modo:
1000 1240 1203 1325 „Balatrones
1220 1258 1238 1303 a
1253 1238 1363 1305 balatu

327 1356 441 1435 ovium,
457 1355 548 1436 quasi
558 1353 699 1420 ciborum
711 1357 891 1435 sectatores
909 1353 998 1436 quasi
1011 1356 1210 1434 comestores,
1225 1354 1362 1436 quirem

329 1486 420 1534 suam
434 1469 467 1534 in
482 1487 590 1534 voram
606 1466 770 1534 mittunt“.
802 1467 992 1536 Scholiastes
1005 1486 1077 1551 ergo
1092 1468 1152 1532 hac
1167 1467 1200 1531 in
1216 1450 1255 1531 rev
1265 1467 1364 1531 inter-

328 1583 482 1664 pretanda
510 1583 620 1667 „quasi
650 1581 792 1648 ciborum
819 1585 1006 1659 sectatorem
1035 1581 1125 1662 quasi
1152 1578 1362 1646 comestorem
1391 1583 1393 1592 '

329 1694 413 1760 dicit.
433 1693 601 1782 „cicorum
616 1695 806 1760 sectatores“
824 1695 956 1760 forsitan
973 1695 1156 1760 scholiastes
1172 1696 1193 1754 Γ
1208 1694 1240 1757 in
1256 1713 1365 1758 recan-

332 1808 418 1872 sione
434 1806 473 1888 A,
499 1826 580 1890 quae
601 1809 660 1872 hac
682 1808 715 1871 in
738 1810 827 1890 parte
851 1807 964 1887 deficit
989 1807 1109 1873 invenit
1125 1810 1157 1872 et
1172 1811 1208 1871 ut
1224 1808 1365 1872 scholion

329 1923 394 1986 suis
417 1920 610 2004 temporibus
636 1920 737 2003 magis
759 1921 1018 2002 accommodaret,
1042 1919 1270 2006 „comestores“
1296 1940 1367 1986 uer·

328 2033 414 2114 bum,
440 2053 499 2115 quo
522 2035 635 2117 uulgus
659 2036 734 2098 tunc
757 2033 914 2113 utebatur,
939 2033 1068 2099 addidit.
1107 2034 1173 2098 Nec
1197 2035 1301 2100 minus
1326 2033 1366 2098 ad
1477 2065 1478 2094 l

328 2147 410 2211 hano
425 2165 534 2212 vocem
549 2147 765 2230 explicandam
776 2166 884 2212 rursus
896 2145 990 2212 uerbo
1002 2147 1111 2227 utitur,
1130 2125 1212 2229 quod
1229 2147 1263 2212 in
1279 2147 1366 2212 illius

330 2259 577 2344 saeculilitteris
593 2261 733 2327 nondum
749 2260 892 2340 occurrit,
914 2259 1008 2326 verbo
1026 2257 1139 2345 „uora“
1158 2259 1242 2343 (vide
1257 2260 1365 2345 infra).

329 2371 471 2440 Verbum
488 2371 681 2458 ,‚comestor“
698 2373 796 2457 igitur
816 2373 962 2439 omnibus
986 2373 1019 2438 in
1035 2374 1122 2438 codd.
1146 2373 1249 2456 prima
1269 2391 1367 2438 manu
1446 2355 1450 2362 ’
1477 2415 1478 2448 p

330 2486 484 2550 traditum
493 2485 668 2569 significare
677 2486 800 2551 videtur
811 2486 874 2551 ista
885 2489 1036 2569 tempora,
1054 2485 1167 2568 quibus
1177 2486 1368 2569 glossatores
1477 2467 1478 2516 3

332 2599 466 2666 scribere
481 2599 683 2682 incipiebant,
701 2603 842 2683 tempora
857 2600 1026 2666 Iustimcni
1043 2603 1075 2664 et
1087 2600 1295 2683 posteriorum
1306 2599 1368 2664 im·
1477 2585 1478 2612 ³

331 2715 520 2797 paratorum,
536 2713 595 2778 hoc
615 2713 771 2778 estmedii
788 2713 905 2779 saeculi
920 2713 1008 2778 sexti.
1040 2714 1188 2794 Isidorus,
1210 2713 1264 2796 qui
1284 2714 1368 2778 hanc

331 2827 574 2909 accommodent,
584 2828 722 2910 profecto
732 2827 797 2891 suis
809 2825 912 2892 verbis
922 2827 1125 2909 demonstrat,
1135 2827 1369 2910 eamaglossa-
1477 2887 1478 2890 ,

332 2938 453 3004 toribus
463 2939 579 3003 saeculi
587 2939 844 3007 sextiesermone
853 2939 1023 3004 cottidiano
1034 2925 1278 3023 vulgi'produoi:
1292 2959 1368 3005 nam
1429 2973 1430 2976 ¹

333 3055 365 3116 et
386 3052 438 3130 hic
460 3054 569 3116 auctor
592 3051 853 3134 diligentissimus
873 3032 931 3116 hoc
951 3051 1081 3122 verbum
1096 3052 1369 3136 Interpretandum

332 3167 425 3248 putet
437 3163 535 3249 (Orig.
549 3166 619 3248 Xp.
633 3163 673 3228 87
688 3165 729 3228 du
739 3147 808 3228 Bn:
824 3167 998 3250 „comestor
1010 3183 1029 3228 a
1040 3166 1230 3230 comedendo
1242 3164 1367 3251 sctis“).

419 3277 559 3358 Accedit,
584 3278 666 3360 quod
691 3275 883 3364 „comestor“
908 3277 941 3342 in
963 3277 1076 3360 glossis
1101 3281 1231 3361 apparet
1254 3281 1369 3347 etheo

334 3393 447 3456 iamin
463 3392 692 3474 antiquissimis
708 3391 821 3474 glossis
837 3391 916 3456 Maii
931 3392 1018 3472 VIII,
1044 3410 1176 3474 quarum
1191 3393 1224 3456 in
1240 3411 1368 3476 corpore

333 3507 488 3589 plurimae
501 3523 580 3570 saec.
595 3505 675 3570 serti
694 3505 882 3588 septimique
901 3505 1024 3588 glossae
1037 3492 1238 3572 eontinentur
1254 3507 1366 3590 [gloss.

220 3674 225 3686 ,
336 3619 415 3683 Maii
430 3618 508 3682 VIII
522 3638 552 3701 p.
571 3615 650 3682 155:
676 3617 891 3704 „Commestm
914 3618 976 3702 (uel
999 3619 1202 3703 commessor)
1226 3619 1367 3701 conviva,

334 3733 387 3815 qui
403 3736 435 3797 et
450 3732 607 3798 convictor
623 3735 654 3796 et
670 3733 797 3816 coepulo
814 3732 979 3815 dicitur“];
998 3731 1255 3799 causandum.
1271 3733 1368 3816 (saec.
1477 3725 1478 3762 ³

335 3845 465 3928 calcal:
492 3821 692 3930 „domesctor
708 3847 800 3928 gulae
817 3849 848 3910 et
863 3846 965 3910 ventri
980 3845 1186 3912 immoderate
1202 3846 1367 3925 deditus“;
1477 3827 1478 3904 ]

318 3956 435 4039 ,ΘΙοεε.
452 3957 599 4042 Amplon.
618 3958 711 4041 (saec.
734 3960 838 4043 non.):
865 3957 1082 4043 „Commessor
1096 3958 1238 4043 glutto“;
1263 3959 1366 4026 Gloss.
1426 3947 1428 3954 ’
1477 3993 1478 4060 3

334 4069 473 4136 Labbaei
489 4071 583 4154 (saec.
600 4071 697 4155 decl:
717 4069 898 4154 „Comestor
911 4070 1102 4153 καταφαγάς“.
1123 4073 1252 4139 Praeter
1266 4073 1368 4141 Isido-
