2984 4982
664 395 847 464 &cennos
870 393 1017 462 Korona,

407 1231 436 1310 Ι.
466 1230 636 1331 Quomodo
663 1229 1043 1330 pseudccronisnorum
1069 1228 1285 1310 scholiorum

605 1359 823 1441 recensiones
841 1361 1095 1442 discernantur.

421 1589 544 1655 Scholia
567 1591 630 1670 illa,
656 1607 735 1670 quae
758 1589 881 1653 saeculo
897 1589 1016 1654 decimo
1033 1588 1151 1670 quinto,
1178 1590 1214 1652 ut
1232 1588 1367 1669 uidetur,

334 1703 460 1768 Helenii
474 1703 616 1783 Acconis,
637 1702 838 1785 grammatici
856 1701 1131 1784 praestantissimi,
1146 1702 1225 1766 falso
1241 1702 1368 1766 nomine

335 1819 444 1881 ornata
460 1820 543 1898 sunt,
559 1809 663 1896 neque
675 1815 789 1878 iisdem
803 1814 996 1897 temporibus
1012 1834 1113 1896 neque
1129 1814 1168 1878 ab
1184 1815 1296 1880 iisdem
1312 1832 1369 1878 au-

334 1929 472 1994 ctoribus
493 1929 668 2012 conscripta
688 1930 771 1992 sunt.
802 1927 979 2010 Diligenter
998 1931 1204 2009 accurateque
1224 1930 1370 2012 spectan-

336 2045 401 2106 tem
416 2043 525 2125 fugere
546 2060 607 2106 non
626 2043 738 2124 potest,
769 2044 958 2125 quantopere
983 2041 1100 2105 scholia
1120 2059 1215 2106 earm.
1233 2044 1265 2105 et
1280 2042 1369 2124 epod.

337 2156 412 2217 1—-
424 2156 511 2238 epod.
531 2153 570 2218 15
586 2155 655 2220 init.
672 2153 712 2219 ab
729 2153 768 2219 iis
785 2155 911 2220 scholiis
927 2153 1081 2235 differant,
1100 2173 1179 2236 quae
1195 2155 1234 2218 ad
1248 2155 1371 2235 reliqua
1481 2194 1484 2200 -

336 2268 460 2332 Horatii
475 2287 568 2352 opera
583 2269 750 2352 pertinent.
782 2268 870 2333 Haec
893 2268 978 2333 enim
1000 2271 1095 2350 atque
1118 2268 1173 2332 illa
1193 2243 1311 2333 scholia
1326 2268 1371 2332 di-

335 2381 548 2448 versissimam
572 2382 654 2446 inter
677 2401 710 2446 se
732 2384 895 2465 praestant
910 2381 1063 2465 speciem3
1087 2382 1184 2446 etiam
1199 2381 1370 2447 levissimis

336 2495 531 2577 maximeque
555 2495 674 2578 exiguis
697 2495 791 2562 rebus
815 2496 935 2560 secerni
957 2497 1099 2578 possunt.
1129 2495 1173 2560 Ut
1186 2495 1245 2559 hoo
1260 2493 1370 2578 paucis

336 2606 513 2701 absolvam„
533 2609 566 2671 id
588 2627 687 2672 unum
710 2609 887 2692 exemplum
909 2608 1047 2690 afferam,
1072 2608 1155 2689 quod
1181 2607 1221 2672 ab
1237 2610 1371 2688 utroque

337 2721 505 2785 scholiasta
531 2721 698 2804 Vergilius,
735 2740 828 2803 quem
850 2725 958 2786 nostra
978 2721 1097 2788 scholia
1121 2721 1162 2785 ad
1188 2721 1371 2804 explicanda

335 2832 460 2898 Horatii
488 2833 583 2900 verbe
614 2835 797 2918 saepissime
826 2835 1002 2919 proferumt,
1037 2834 1247 2901 diversissimo
1277 2834 1370 2898 modo

337 2949 606 3028 commemoretur,
632 2948 729 3012 altero
750 2947 920 3013 scholiasta
943 2947 1089 3013 omnibus
1113 2949 1190 3014 locis
1204 2948 1371 3014 Maronem

251 3055 254 3059 ’
337 3060 528 3141 commenta,
553 3060 651 3125 altero
666 3061 852 3144 Vergilium.
882 3061 992 3143 Neque
1015 3063 1120 3126 minus
1143 3061 1254 3126 ambae
1279 3061 1371 3127 scho-

336 3174 449 3238 liorum
467 3176 572 3257 partes
593 3174 739 3239 maximis
760 3173 853 3239 rebus
876 3175 960 3239 inter
982 3194 1015 3243 se
1039 3175 1166 3256 distant,
1190 3178 1227 3240 ut
1248 3175 1370 3242 ratione
1413 3191 1418 3205 ·

339 3285 504 3352 verborum
520 3279 743 3371 eligendorum,
768 3288 849 3370 quod
871 3288 997 3369 quidem
1020 3292 1056 3352 ut
1077 3290 1136 3354 hac
1157 3289 1370 3373 disputatione

337 3400 504 3484 diligenter
518 3401 682 3482 illustrem,
700 3401 786 3466 omni
801 3401 904 3466 studio
921 3402 1030 3468 enitar.

428 3514 570 3577 Primum
583 3515 771 3578 scholiorum
789 3534 900 3598 eorpus
918 3514 1255 3601 „recensionemA“
1273 3516 1371 3582 nomi-

337 3628 476 3691 nandum
495 3627 684 3708 censuimus,
710 3629 783 3710 quia
802 3629 939 3713 optimus
962 3630 1056 3695 huius
1075 3629 1214 3714 eorporis
1226 3629 1307 3695 liber
1322 3635 1371 3696 est

337 3739 404 3804 cod.
419 3737 449 3800 A
465 3725 578 3822 (Paris.
589 3739 674 3805 7900
686 3739 739 3826 A),
757 3743 892 3806 alterum
910 3741 1371 3828 „recensionomffaoouq

339 3850 451 3935 (Paris.
469 3851 576 3950 7975),
595 3853 648 3934 qui
663 3855 818 3918 maximae
834 3855 1032 3919 auctoritatis
1049 3859 1097 3920 est
1112 3857 1152 3920 ad
1167 3857 1248 3921 hanc
1263 3876 1371 3920 reeen-

339 3964 459 4030 sionem
481 3966 710 4049 explorandam.
741 3967 850 4049 Neque
866 3968 917 4031 hio
933 3969 1194 4050 praetereundum
1214 3971 1271 4051 eet,
1289 3971 1371 4052 quod

338 4096 454 4162 magna
482 4080 670 4145 scholiorum
699 4097 772 4162 pars
804 4079 911 4160 (carm.
933 4080 978 4143 IV
1000 4080 1020 4143 3
1041 4081 1113 4146 inde
1136 4084 1175 4147 ad
1197 4083 1249 4147 fin.
1274 4101 1369 4148 carm.
